3060 5302
190 342 192 349 ¹
223 357 243 419 8
530 377 570 421 nr
593 371 793 421 eruerentur
816 371 929 418 enasci
952 371 1102 419 sauuonrs

223 541 362 608 dictione
387 540 716 608 ridentursillustrare
736 562 836 629 posse.
882 537 1030 603 Joculare
1048 553 1113 618 est,
1137 538 1288 625 inquam,
1307 537 1343 600 ni
1363 558 1401 601 ex

223 671 281 734 isto
297 651 412 734 errore
433 669 510 735 nori
529 678 651 762 errores
671 669 707 735 in
732 666 983 734 Grammaticam
1004 667 1189 732 artemiam
1209 666 1282 730 satis
1300 661 1402 729 libra-
1479 677 1481 680 ’

223 797 466 863 riorum‘vitiisi
482 795 682 864 laborantem
705 796 916 884 irrepsissent,
937 795 996 884 qui
1016 794 1172 884 qnoniam
1193 817 1283 859 nunc
1303 790 1401 883 longo

223 946 290 988 usu·
304 919 486 1006 invaluere,
507 922 667 990 medicina
688 919 804 987 tnultis
827 920 959 1011 quidem
980 942 1049 985 sero
1067 935 1209 1008 paratur.
1243 919 1401 986 Nondum
1453 895 1455 899 ¹

222 1075 259 1116 ea
272 1053 338 1137 uia
360 1067 427 1118 »aut
452 1054 532 1117 ratio
564 1052 739 1130 deseritur,
769 1046 822 1114 alii
849 1063 921 1136 poet
942 1044 1019 1111 alios
1040 1046 1213 1137 antiquum
1233 1046 1400 1129 obtinent,

139 1219 142 1225 ·
222 1176 377 1247 obruunt.
396 1180 517 1247 acervis
540 1179 801 1247 annotationum
817 1174 921 1241 bonos
947 1191 1106 1255 auctores,
1135 1174 1224 1239 unde
1251 1173 1299 1240 nil
1320 1175 1401 1240 honi

222 1306 351 1373 Graecis
375 1305 600 1396 scriptoribus,
626 1302 769 1371 multum
793 1298 1199 1392 malitiosae-philologiae
1223 1300 1402 1398 soleteve-

221 1431 475 1511 nire;.nihil:e‘et
494 1431 617 1501 facilius
639 1455 739 1522 quam
755 1428 943 1521 annotandi.
955 1426 1053 1494 talem
1067 1427 1265 1520 .farraginem
1281 1432 1401 1497 etinu-

221 1559 564 1652 tilemaupellecrilem
589 1558 737 1648 undique
755 1570 1087 1624 ..mtrffiffltivfltflrum
1103 1537 1322 1624 monumentis
1342 1558 1403 1624 ed-

221 1690 331 1771 iicere,
343 1732 346 1741 ,
360 1687 442 1778 quid
460 1687 705 1757 {attinetdjcere
721 1683 804 1752 nihil
823 1683 1072 1751 eseeainutilius.
1117 1685 1156 1751 In
1182 1685 1244 1752 hac
1269 1689 1402 1754 mteria

221 1840 327 1888 uuum
345 1834 392 1885 est
410 1818 612 1907 potissimum
626 1813 894 1885 'observationum
917 1835 1031 1903 genus
1047 1812 1137 1902 quod
1163 1815 1270 1880 nescio
1288 1830 1401 1880 utrum
1458 1834 1461 1838 ⁴

222 1945 327 2015 diuam
354 1960 487 2034 propter
510 1944 670 2013 incuriam
698 1939 882 2032 neglectum
912 1965 954 2006 an
975 1943 1262 2030 propter-nimiam
1281 1966 1401 2033 quam-

221 2073 739 2142 demceverentiamueterumiac
754 2065 940 2159 religionem
951 2068 1102 2134 mansisse
1112 2069 1278 2134 intactum.
1297 2068 1401 2137 Vide-

161 2255 163 2260 ,
219 2200 337 2283 betur,
356 2198 713 2290 cpinonetemerarium
741 2196 824 2284 ipsos
851 2195 1030 2282 scriptores:
1048 2197 1083 2261 in
1110 2197 1258 2283 ordinem
1279 2222 1401 2290 *cogere

220 2325 303 2397 velle
328 2325 522 2396 etviolatae
537 2324 590 2393 vel
612 2323 692 2392 adeo
712 2324 885 2415 ignoratae·
900 2321 1134 2390 Grammaticos
1156 2327 1312 2392 rationem
1331 2349 1401 2392 reos

220 2452 551 2548 ageseilloeipses,
572 2452 661 2522 unde
680 2451 786 2519 omnis
806 2448 861 2515 ille
878 2451 1016 2540 cognitio
1038 2452 1178 2541 pendere
1199 2453 1400 2532 credebatur.

217 2583 334 2673 Neque
358 2598 467 2650 temen
497 2579 589 2649 aliter
615 2578 682 2648 lux·
701 2576 873 2669 afftdgebit
904 2580 966 2645 nisi
995 2581 1069 2671 quis
1088 2583 1172 2671 ipsos
1185 2553 1399 2650 ¹Graecos-ad

217 2733 368 2781 severum.
392 2725 424 2780 et
452 2707 643 2779 Cassianum
665 2704 729 2775 uel
758 2704 1001 2779 Aristarcheum
1026 2709 1132 2797 potius
1166 2708 1313 2776 tribunal
1331 2711 1401 2776 'ad-

218 2836 610 2926 (laeserit.sermonisque,-¹
626 2849 760 2903 utantur
778 2833 916 2902 rationes
939 2834 1137 2916 reddituros,
1161 2835 1221 2903 ubi
1248 2835 1296 2905 nil
1321 2863 1400 2927 pro-

218 2964 592 3045 derit.sic.di1isse,1nisi
609 2963 797 3030 anastasie
814 2977 901 3028 recte
932 2960 995 3030 diei
1025 2963 1175 3050 potuisse.
1211 2963 1337 3052 Nempe
1355 2967 1401 3032 ita

217 3106 321 3167 sesae
342 3090 457 3161 habet:
478 3091 581 3180 quod.
593 3090 748 3170 diximus,
757 3087 907 3179 linguam
927 3087 1084 3157 Graecam
1113 3114 1153 3156 ex
1183 3091 1401 3180 pulcherrima

216 3220 401 3292 verussein
420 3221 650 3309 turpissimam,
676 3241 715 3284 ex
736 3218 805 3306 ipsa
823 3233 941 3285 natura
962 3219 1008 3285 rei
1036 3219 1155 3285 sensim
1178 3219 1400 3312 paulatimque

216 3347 345 3415 accidit·
383 3347 493 3415 Prima
521 3344 601 3415 mali
635 3343 826 3435 labes.'post
847 3347 1000 3416 2amiesam
1027 3344 1215 3415 :libertatem
1246 3352 1400 3416 sermonis

217 3472 735 3545 castulonensem-infecit...
762 3473 968 3563 Nemespou
988 3472 1219 3544 ¹Alexandrum
1254 3476 1339 3544 bene
1368 3496 1401 3544 et

216 3602 447 3694 praelocutus
475 3625 540 3671 eeee
562 3601 719 3673 audacter,
744 3601 809 3669 dici
842 3617 955 3690 petest.
999 3603 1088 3669 Dum
1107 3605 1243 3672 Graecia
1264 3605 1404 3699 languet

110 3806 112 3811 .
217 3747 257 3799 et.
266 3734 408 3814 senescit,
427 3730 615 3801 insitaolim
629 3733 730 3800 acutii
744 3728 881 3820 populis
903 3748 991 3799 recte
1008 3732 1136 3800 dicendi
1156 3731 1294 3800 facultas
1317 3759 1398 3801 con-

216 3860 325 3952 senuit
341 3875 374 3929 et
393 3861 462 3948 ipsa
485 3856 696 3950 nec-»vulgus
717 3869 846 3927 mutum
874 3859 930 3927 sed
958 3858 1063 3941 docti,
1084 3859 1148 3927 sed¹
1172 3870 1299 3950 poetae,
1320 3861 1397 3928 olim

136 3977 139 3984 ⁵
216 3987 349 4057 dicendi
364 3986 647 4056 summi-lactificos
664 3981 804 4054 timbere
822 4005 854 4054 et
873 4011 1006 4078 peceare
1026 4006 1225 4078 coeperunt..
1256 3991 1395 4057 Menan-

216 4115 274 4184 der
291 4115 407 4181 dicitur
417 4116 528 4206 paucis
546 4131 620 4181 ante
635 4114 792 4204 Dionysia·
807 4113 920 4181 diebus
941 4119 1109 4205 quaerenti
1129 4134 1314 4208 paratamne
1335 4116 1394 4179 ha-

214 4241 305 4309 beret
322 4240 468 4309 salsulam
486 4241 693 4335 wspondissu
716 4240 783 4308 lere
800 4258 972 4331 paratamz.
986 4267 1065 4310 nam
1085 4259 1310 4336 argumentum
1333 4238 1394 4305 sibi

215 4393 280 4437 esee
300 4368 385 4438 bene
402 4369 605 4459 dispositum:
632 4368 680 4435 nil
698 4393 860 4458 superesse
883 4371 946 4439 n'st
977 4388 1016 4439 ut
1046 4368 1217 4440 versiculos
1245 4367 1392 4448 adderet,

215 4498 254 4566 coi
273 4499 386 4583 ςιχίδια
406 4501 532 4592 ἐπᾷσαι,
553 4514 590 4563 ut
606 4514 651 4565 est
672 4497 760 4586 apud
777 4495 997 4565 Plutarchum.
1046 4499 1147 4566 Possit
1163 4497 1242 4563 haec
1262 4492 1395 4563 facultas
