3060 5302
561 365 734 413 -cnavtrun
756 364 950 431 emactari.
1039 347 1042 352 ’
1331 347 1350 410 7
1375 418 1376 423 η

171 532 207 599 Si
234 534 316 623 quis
327 548 537 600 monumenta
560 533 701 600 Graecae
723 533 931 600 humanitatis
949 549 989 600 et.
1002 532 1243 625 philologorum
1261 531 1297 595 in
1315 531 1353 598 iis

171 658 368 727 illustrandis
389 659 514 728 labores
537 677 703 751 percenset
724 661 816 729 facile
837 660 1004 753 apparebit
1020 685 1148 729 summu
1167 658 1295 750 ingenia
1318 659 1353 728 in

171 789 280 855 minus
310 789 415 884 dignis
436 786 613 856 elaborasse
641 788 823 880 plurimum
838 806 873 857 et
893 813 1035 857 summos
1057 789 1226 878 scriptores
1237 783 1355 852 'minus

172 915 396 984 exedendum
418 916 657 1012 philologorum
686 922 771 986 curis
791 915 971 1012 utcumque
990 918 1144 1009 expolitos
1163 934 1196 985 ct
1212 915 1354 983 illustra-

173 1061 221 1110 tos
249 1043 356 1111 fuisse.
387 1047 551 1130 Quantam
582 1063 706 1136 partem
727 1071 822 1113 curae
838 1049 874 1113 in
893 1048 1037 1114 Lucieno
1057 1063 1115 1113 aut
1136 1045 1356 1136 Xenophonte

174 1171 314 1262 Ephesio
338 1190 394 1238 aut
415 1172 590 1240 Charitene
612 1177 731 1263 positae
753 1175 898 1242 dimmus
918 1177 953 1240 in
982 1173 1233 1264 Xenophontem
1248 1171 1357 1239 -Athe-

175 1300 318 1371 niensem
343 1317 400 1364 aut
429 1300 655 1392 Thucydidem
686 1319 743 1367 aut
765 1301 935 1369 Platonem
950 1319 1013 1371 aut
1026 1301 1276 1388 Demosthenem
1289 1298 1357 1367 eol-

169 1423 288 1526 lateml
343 1428 470 1494 Leviter
508 1426 594 1494 docti
634 1430 670 1494 in
698 1427 930 1520 Aristophane,
965 1430 1032 1498 iere
1066 1452 1199 1520 prorsus
1237 1428 1358 1497 indocti

176 1552 254 1621 olim
285 1555 321 1620 in
344 1557 488 1648 Tragicis
508 1555 769 1646 occupabantur,
795 1559 993 1648 utquisque
1016 1574 1084 1624 erat
1100 1554 1306 1624 difficillimus
1326 1572 1359 1622 et

176 1684 348 1773 interprete
391 1684 556 1777 indigebat
594 1657 802 1775 plurimum,
821 1686 866 1751 ita
902 1683 1075 1758 levissimos
1110 1681 1264 1758 Editores
1298 1708 1359 1752 ne·

176 1827 246 1878 ctus
282 1829 346 1890 est3
389 1811 502 1878 heroes
540 1806 602 1878 toti
641 1830 733 1879 eraut
777 1815 813 1880 in
848 1811 1023 1881 levioribus
1028 1860 1040 1897 ,
1069 1816 1184 1894 caeteri
1219 1829 1358 1880 caeteros

178 1956 356 2031 atcumque
371 1937 546 2022 curabant,
570 1938 647 2006 hinc
671 1940 794 2007 factum
817 1957 864 2007 est
889 1957 926 2007 ut
949 1943 990 2008 tn
1018 1943 1142 2008 hunore
1161 1939 1360 2008 haberentur

179 2091 260 2159 quos
280 2065 397 2133 melius
422 2067 593 2155 spreveris,
623 2081 657 2131 et
681 2066 969 2155 praestantissimus
995 2070 1155 2159 quisqam
1173 2065 1360 2134 laudaretur

179 2195 277 2287 magis
297 2217 398 2283 quam
418 2191 594 2286 legeretur,
615 2193 693 2259 hinc
720 2195 780 2283 qui
805 2195 962 2262 rationem
980 2193 1232 2263 Grammaticam
1248 2195 1360 2264 subti-

180 2322 241 2390 lius
271 2301 414 2390 excolere
440 2318 616 2412 coeperunt
644 2324 825 2412 promiscue
851 2323 1000 2414 undique
1020 2323 1176 2413 praesidia
1198 2324 1362 2391 doctrinae

185 2449 386 2543 colQerent,
416 2449 505 2515 haud
533 2472 622 2517 secus
651 2472 688 2515 ac
717 2450 743 2516 si
770 2448 918 2541 aeqtrnles
948 2467 1053 2518 essent
1076 2450 1160 2530 inter
1189 2476 1223 2518 se
1249 2432 1368 2522 omnes*

187 2577 349 2648 Gratum
369 2579 496 2672 aequali
513 2583 709 2648 auctoritate.
732 2578 922 2648 Proletarius
936 2597 970 2647 et
989 2582 1092 2671 capite
1112 2602 1221 2648 censos
1240 2582 1361 2659 Grem-

186 2697 312 2775 matieos
330 2707 378 2775 nil
398 2713 510 2777 attinet
530 2710 699 2800 exagitare.
747 2710 938 2776 Piersonum
957 2705 1151 2787 nominabo,
1176 2708 1234 2798 qui
1255 2732 1362 2800 quum

183 2831 305 2902 Atticae
336 2837 462 2905 dialecti
487 2839 645 2904 rationem
661 2839 714 2903 in
742 2859 839 2902 auree
867 2835 909 2900 ed
934 2834 1113 2902 Moeridem
1133 2839 1363 2903 commentario

182 2979 246 3031 tam
274 2966 368 3033 docte
394 2989 496 3065 quem
521 2963 683 3056 eleganter
716 2961 889 3030 illustraret
915 2984 984 3028 non
1015 2961 1090 3031 iecit
1114 2958 1223 3030 tamen
1248 2969 1364 3054 operae

182 3091 321 3181 pretium
337 3093 378 3159 in
398 3118 523 3160 summa
549 3095 611 3176 rei,
638 3092 930 3183 quoniampassim
946 3107 979 3157 et
998 3085 1133 3181 uhique-
1145 3089 1365 3160 Atticisterum

181 3236 214 3285 et
229 3219 467 3288 Graeculorum
494 3245 616 3289 errores
650 3242 727 3286 cum
757 3222 898 3287 sincerae
924 3237 957 3286 et
983 3220 1144 3312 genuinae
1177 3218 1364 3286 Graecitatis

183 3345 383 3414 documentis
408 3349 522 3416 eodem
540 3348 612 3416 loco
639 3350 808 3440 metisque
836 3347 968 3425 habaiu
992 3347 1056 3414 ubi-
1081 3369 1144 3413 res-
1163 3347 1276 3414 confici
1303 3372 1365 3438 po·

183 3489 262 3541 terat
282 3491 315 3540 et
335 3493 440 3542 certus
462 3476 650 3543 Graecitatis
673 3498 753 3542 usus
784 3473 910 3542 definiri
924 3524 928 3529 -
941 3477 1151 3564 antiquorum
1178 3476 1365 3541 testimoniis

184 3600 324 3670 admixta
346 3606 561 3670 recentiorum
587 3602 766 3670 testimonia
793 3602 996 3669 incertiorem
1016 3618 1048 3666 te
1074 3622 1175 3692 quam
1199 3624 1279 3671 esses
1307 3603 1365 3667 diu

184 3725 385 3819 relinquunt.
420 3728 570 3798 ioculare
589 3730 657 3797 iere
675 3746 722 3797 est
738 3728 846 3796 videre
861 3727 1077 3796 Themistium
1094 3729 1131 3793 in
1148 3727 1261 3794 mediis
1279 3729 1365 3794 Tra-

184 3857 330 3948 gicorum
342 3857 420 3926 locis
438 3883 496 3926 sua
512 3858 715 3940 afferentem,
739 3855 868 3924 alternis
886 3854 1055 3922 Platonem
1071 3872 1104 3922 et
1118 3853 1364 3937 Philostratum,

184 3983 437 4074 Xenophontem
463 4003 496 4053 et
533 3987 711 4079 Diogenem
745 3983 925 4062 Laenium,
954 3981 1202 4049 Demosthenem
1225 3998 1270 4049 ‚et
1293 3981 1365 4050 Lu-

183 4114 332 4195 cianum,
355 4113 582 4206 Thucydidem
608 4130 640 4181 et
666 4113 848 4179 Maximum
868 4109 1007 4200 Tyrium
1028 4109 1063 4175 in
1086 4132 1122 4176 rc
1141 4107 1252 4176 eadem
1273 4125 1366 4175 testes

184 4241 330 4329 produci.
349 4241 541 4308 Theocritus
560 4240 730 4308 confirmat
750 4263 847 4305 usum
868 4237 1024 4328 loquendi
1043 4235 1265 4319 Comicorum,
1287 4234 1366 4303 cal-

184 4367 341 4442 limachus
372 4371 605 4462 ‚Tragieorum,
622 4407 624 4411 ·
642 4367 805 4434 Himerius
843 4382 876 4431 et
901 4363 1057 4431 Aristides
1084 4381 1116 4431 et
1135 4363 1301 4430 'Libanius
1333 4380 1365 4428 et

185 4499 260 4587 quis
285 4523 353 4563 non
375 4522 420 4566 »ex
451 4499 664 4565 recentiorum
692 4495 776 4561 faece
797 4493 1016 4561 Herodoteum
1035 4492 1164 4560 dicendi
1183 4515 1284 4584 genus
1307 4515 1364 4557 sua
