3060 5302
547 371 815 420 eumaueouurr
836 334 993 418 mari.
1318 353 1357 417 tt

182 542 262 608 dum
275 563 340 607 esse
362 538 597 606 nonnullorum
615 539 867 630 reprehensioni,
891 538 1013 630 quibus
1029 539 1135 606 videri
1147 559 1272 628 possem
1287 561 1363 603 eum
1392 523 1394 528 ἲ

180 685 315 734 stercore
333 688 487 759 gemmas
514 690 640 758 egerere
667 684 699 733 et
715 666 859 733 'abiicere
892 665 991 744 velle3
1023 689 1088 733 esse
1120 667 1207 731 enim
1238 667 1274 731 in
1301 663 1362 731 illis

180 797 413 862 commentariis
427 810 458 860 et
476 795 599 860 Lexicis
619 784 918 885 inlinitum‘eopianr
939 818 1065 877 rerum,
1088 818 1168 884 quas
1189 793 1312 882 opimas
1333 809 1364 858 et

180 947 290 989 aureas
313 921 386 988 solis
409 922 562 990 debemus
586 921 666 1004 illis,
690 925 748 1013 qui
765 922 1076 1007 haeceon'diderunt
1096 914 1143 986 an'
1160 921 1362 985 consarcina-

179 1069 266 1116 runt.
285 1053 430 1116 Tantum
441 1049 529 1117 abest
538 1067 576 1115 ut
591 1048 646 1115 illa
658 1067 872 1130 contemnam,
887 1052 967 1115 utin
978 1024 1205 1115 brumasius
1219 1046 1361 1138 legendis

180 1194 211 1242 et
219 1168 557 1251 excutiendis'aetetem
568 1181 772 1246 contriverim
782 1169 935 1267 idemque
942 1179 1074 1267 posthae
1083 1172 1227 1243 facturus
1234 1177 1295 1240 sim
1304 1199 1364 1242 ne·

180 1329 244 1396 que
259 1320 367 1371 tamen
381 1292 548 1395 propterea
557 1281 638 1370 mihi
652 1304 799 1396 plerique
813 1303 933 1370 horum
947 1303 1091 1395 perdocti
1111 1321 1168 1370 aut
1182 1302 1300 1369 eruditi
1312 1304 1363 1368 vi·

181 1421 306 1498 dentur.
324 1431 431 1498 Multa
442 1432 582 1498 afferunt
597 1431 734 1497 sibinen
746 1430 916 1514 intellecta,
929 1430 1034 1497 multa
1047 1425 1216 1521 perperam
1227 1430 1363 1496 laudant

180 1563 371 1651 aproposito
383 1560 488 1627 aliena
506 1561 586 1626 dum
598 1562 751 1626 omittunt
770 1557 917 1625 meliora:
935 1559 1051 1624 deinde
1073 1560 1164 1649 quod
1183 1560 1361 1624 maximum

180 1674 240 1768 est,
263 1713 329 1754 non
345 1688 511 1756 bonafide
527 1711 604 1755 eum
622 1705 812 1778 apparatum
827 1685 1092 1754 doctrinaenobis
1106 1703 1291 1777 apponunt,
1308 1689 1362 1754 sed

178 1815 290 1882 firrtim
314 1817 382 1884 aliis
403 1817 587 1884 sublectum
607 1828 664 1881 aut
680 1816 887 1904 impudenter
903 1808 1123 1905 compilatum.
1146 1815 1222 1880 Nou
1243 1832 1291 1881 est
1304 1837 1362 1882 ex*-

178 1942 338 2009 scribendi
363 1943 436 2010 linis
458 1946 539 2011 dum
566 1943 649 2010 alter
671 1942 808 2010 alterum
824 1943 880 2008 'ad
902 1934 1041 2009 verbu'm
1065 1933 1114 2008 'in'
1128 1937 1211 2009 suos
1229 1942 1296 2009 scil.
1319 1943 1362 2009 li-

178 2066 253 2133 bros
273 2068 483 2149 transfundit,
499 2069 587 2136 unde
606 2069 727 2137 factum
746 2088 793 2137 est
807 2086 845 2136 ut
860 2071 942 2162 quid
957 2069 1093 2136 afferent
1106 2072 1166 2160 ipsi
1180 2094 1249 2138 non
1266 2069 1362 2136 intel-

178 2193 292 2286 ligant:
324 2197 359 2261 in
381 2220 448 2286 quo
475 2222 589 2290 genere
612 2224 784 2291 quousque
813 2194 1020 2290 impudentia
1040 2194 1157 2264 'eorum
1187 2216 1219 2266 et
1240 2200 1362 2279 inscitia

179 2324 348 2411 procedere
367 2318 609 2415 possit-neeesse
626 2344 673 2394 est
690 2326 848 2417 exemplis
863 2328 1090 2394 demonstrare.
1115 2318 1202 2399 Utar
1221 2323 1362 2394 Pollucis

181 2450 308 2534 herico,
331 2455 428 2543 quod'
441 2476 616 2546 sanequarn
639 2455 772 2520 doctum
795 2471 828 2519 et
838 2456 992 2544 opimum
1012 2453 1250 2536 esseomnibus
1270 2456 1362 2537 vide-

181 2593 242 2659 tur,
254 2581 289 2644 in
308 2604 375 2670 quo
393 2604 489 2670 opere
503 2579 594 2648 loeus
612 2599 658 2649 est
672 2583 717 2660 ,de
730 2581 934 2661 Graeeorum·
941 2584 1084 2648 nummis
1097 2581 1154 2648 lib.
1167 2583 1227 2650 IX.
1246 2579 1362 2648 o'u‘rt-

178 2730 254 2772 nam
282 2712 451 2775 centesima
482 2735 555 2801 pars
581 2709 675 2777 nobis
703 2726 879 2801 superesset
900 2732 1013 2775 eorum
1041 2708 1217 2791 librorum,
1240 2709 1362 2802 quibus

161 2834 293 2926 'Pollux
314 2838 434 2904 Romae
456 2837 662 2904 abundabat:
691 2837 800 2905 locum
826 2839 916 2905 hunc
944 2839 1094 2906 omnibus
1122 2840 1264 2947 numeris
1301 2839 1361 2905 ab·

177 2963 320 3030 solutum
345 2965 554 3034 haberemus:
579 2964 633 3034 ille
653 2966 803 3059 corradit
818 2965 967 3057 nonnihil
996 2968 1064 3033 sine
1098 2966 1225 3037 ordine:
1261 2991 1360 3057 quam

176 3093 282 3182 inepte
302 3117 392 3160 nunc
410 3097 584 3163 ostendam.
617 3095 693 3179 Fst,
716 3097 837 3187 inquit,
860 3093 949 3184 apud
975 3077 1185 3160 Athenienses
1206 3119 1360 3161 nummus

173 3222 279 3287 'dictus
299 3214 387 3305 κόρη,
407 3225 499 3290 cuius
518 3226 665 3291 meminit
688 3214 866 3315 Hyperides
885 3226 945 3289 sic:
969 3220 1114 3312 puellula
1131 3245 1170 3288 ex
1186 3223 1264 3288 aede
1280 3223 1360 3288 Dia-

176 3372 235 3415 nae
251 3342 449 3440 surripuerat
467 3351 592 3442 aliquid
614 3375 651 3418 er
670 3351 819 3417 donariis.
843 3351 991 3430 Iudiees,
1016 3351 1044 3414 ei
1058 3365 1249 3439 proponunt
1268 3347 1360 3438 κόρην

175 3492 207 3541 et
225 3475 469 3568 τετράδραχμον,
488 3479 588 3569 idque
607 3481 660 3548 ἐπὶ
677 3481 764 3572 πείρᾳ
783 3479 946 3560 συνέσεως,
967 3492 1008 3541 ut
1032 3470 1286 3566 experimentum
1306 3478 1360 3542 iu·
1440 3548 1443 3554 ,

175 3601 366 3694 telligentiee
392 3620 488 3671 esset:
515 3602 624 3693 puella
643 3605 679 3675 td
697 3610 927 3696 τετράδραχμον
947 3602 1063 3669 maluit
1084 3605 1193 3695 itaque
1218 3606 1284 3670 visa
1315 3622 1360 3670 est

175 3753 263 3818 posse
286 3732 322 3800 ro*
339 3733 445 3822 κὸρδος
462 3731 618 3820 διακρίνων
636 3747 668 3797 et
682 3733 769 3798 dedit
786 3756 914 3822 poenm.
959 3730 990 3797 Ο
1012 3730 1158 3821 lepidum
1177 3728 1356 3812 hominem,
1415 3703 1420 3720 1

174 3858 232 3947 qui
245 3858 325 3924 haee
340 3862 382 3924 ita
409 3860 539 3948 accipit!
560 3867 633 3952 κόρη
651 3877 699 3927 est
717 3885 824 3950 pupa,
847 3828 1119 3932 oblectamentum
1137 3858 1360 3949 puellulamm

173 3984 263 4074 apud
283 4010 394 4068 omnes
415 3986 648 4078 populosum
666 4012 732 4055 esse
752 3987 842 4055 huuc
866 4011 963 4055 usum
987 3990 1073 4054 vocis
1100 3987 1276 4055 obscurum
1304 4003 1360 4052 aut

173 4112 284 4178 ramur
294 4112 509 4183 Ruhnheuius
528 4117 571 4182 ad
587 4118 758 4183 Timaeum
769 4116 898 4182 doceat:
922 4132 1045 4205 poterat
1060 4118 1086 4181 si
1105 4118 1179 4207 quis
1196 4117 1276 4183 forte
1296 4138 1357 4184 ne·

173 4246 275 4325 sciret,
287 4267 327 4310 ex
348 4243 410 4309 hoe
433 4266 500 4309 uno
523 4243 599 4315 loeo
615 4261 701 4311 certo
724 4247 812 4311 seiri:
831 4243 881 4310 nil
901 4243 1028 4310 subolet
1047 4240 1277 4325 Grammatico,
1298 4247 1358 4335 qui

95 4381 97 4385 ’
174 4394 305 4459 operose
331 4369 422 4437 affert
449 4394 488 4438 ex
513 4370 669 4462 Euripide
688 4370 798 4438 locum
817 4394 855 4438 ex
877 4370 1022 4463 Satyrieo
1043 4371 1204 4452 dramate,
1227 4369 1286 4435 ubi
1306 4371 1358 4436 di-

173 4514 294 4564 cuntur
319 4497 539 4568 meretriculae
569 4498 757 4567 Corinthiae
782 4522 889 4567 amare
917 4497 1060 4567 multum
1084 4500 1168 4566 cives
1191 4496 1314 4565 Atticos
1330 4502 1357 4566 si
