3060 5302
171 389 192 461 4
559 408 599 452 on
622 407 834 456 sucronrrtrn
856 411 895 455 rr
918 409 974 456 usu

655 520 666 555 l

144 562 145 566 ¹
172 590 229 641 aut
261 571 314 638 alii
341 570 494 664 explicate
521 589 779 664 persequentur,
796 597 849 647 me
872 597 983 641 meum
1002 575 1170 665 ingenium
1192 591 1224 639 et
1246 575 1352 642 studia

171 717 322 774 revocant
352 700 394 775 ad
416 698 603 792 linguarum
628 699 904 783 observationem,
941 703 976 768 in
1007 699 1141 790 quihus,
1158 702 1223 768 vita
1250 704 1356 769 omnis

172 826 371 918 populorum
390 832 434 893 sio
457 851 602 917 expressa
620 842 682 909 est,
714 844 751 892 ut
776 829 872 893 etiam
899 852 991 899 nunc
1022 831 1134 897 vivant
1160 832 1356 922 vigeantque

172 956 234 1032 illis
240 1007 255 1042 ,⁸
276 955 398 1047 quibus
417 955 495 1022 haee
518 952 694 1046 intelligere
717 971 748 1023 et
770 957 882 1026 intima
897 975 1005 1023 mente
1027 961 1219 1047 perscrutari
1243 960 1357 1025 datum

173 1103 229 1161 est.
284 1087 375 1171 Quae
394 1100 502 1154 autem
521 1085 555 1148 in
585 1081 707 1175 populo
733 1100 917 1173 temporum
948 1087 1178 1159 vicissitudines
1205 1089 1249 1152 sic
1279 1111 1356 1154 mu·

172 1231 239 1292 tare
268 1212 387 1296 solent,
414 1213 509 1286 utin
538 1235 605 1286 uuo
632 1211 809 1301 eodemque
828 1217 959 1286 nomine
982 1215 1125 1287 homines
1153 1216 1354 1283 diversissimi

173 1358 364 1439 appareant,
382 1341 494 1416 eadem
514 1357 560 1413 est
582 1341 734 1413 sermonis
751 1342 849 1418 ratio:
872 1358 981 1421 manet
1006 1366 1142 1424 nomen,
1177 1366 1226 1411 res
1246 1341 1357 1410 subest

172 1473 297 1539 nomini
322 1469 384 1546 alia
412 1485 484 1558 post
510 1466 615 1533 aliam.
666 1468 741 1533 Non
770 1467 845 1557 plus
880 1470 1036 1558 discrepat
1062 1468 1181 1550 forma,
1209 1470 1356 1560 ingenio,

171 1597 333 1691 moribus,
364 1599 430 1663 vita
461 1622 479 1662 a
506 1613 615 1663 tenero
633 1594 771 1684 puerulo
800 1594 981 1669 lasciviente
1013 1615 1045 1664 et
1076 1596 1261 1663 ludibunde
1307 1598 1358 1663 vir

172 1724 282 1792 adulta
309 1742 410 1793 aetate
437 1741 469 1791 et
488 1748 599 1798 rerum
615 1722 850 1813 hominumque
877 1742 954 1790 usu'
971 1725 1012 1798 ad
1039 1718 1226 1819 gravitatem
1257 1742 1289 1791 et
1306 1750 1357 1792 se·

171 1856 336 1931 veritatem
356 1854 549 1943 compositus
569 1867 601 1916 et
618 1874 714 1925 senex
735 1852 822 1917 idem
844 1877 881 1917 ac
910 1854 1088 1944 decrepitus
1109 1870 1141 1920 et
1161 1853 1301 1925 delirans
1321 1855 1357 1921 in

171 1981 285 2048 eodem
303 1982 435 2057 nomine
452 1978 537 2045 nulli
556 1978 736 2055 dissimilior
755 2004 855 2073 quam
869 1958 941 2063 sibi,
952 1985 1011 2073 qui
1029 1981 1107 2048 olim
1124 1982 1241 2063 fuerat,
1255 2006 1358 2072 quam

170 2107 284 2207 lingua
310 2107 424 2198 populi
442 2132 525 2199 quae
547 2132 586 2173 ex
606 2108 736 2181 rudiore
759 2111 956 2200 antiquitatis
972 2113 1093 2182 ratione
1121 2111 1242 2180 civium
1263 2111 1358 2202 ingol·

170 2240 226 2309 nto
240 2254 280 2313 et
293 2236 491 2311 humanitate
513 2234 640 2302 exculta
666 2235 708 2302 ad
724 2261 889 2307 summum
906 2236 1098 2329 elegantiae,
1118 2238 1296 2307 venustatis
1308 2253 1356 2303 -et

170 2366 284 2442 nitoris
304 2361 434 2441 cedmon
456 2364 646 2440 inmaxima
670 2365 762 2452 copie
784 2381 816 2437 et
834 2364 950 2437 div-inis
968 2366 1217 2454 pervenerit,·a.
1230 2388 1270 2433 se.
1288 2366 1353 2455 ipsu

171 2490 330 2581 discrepet
348 2514 454 2583 quum
476 2490 619 2565 sooordla
636 2506 669 2566 et
692 2506 824 2580 stupore
842 2490 1051 2581 popularium
1069 2491 1357 2584 sordidulum-

171 2637 248 2695 nate
268 2621 377 2710 inepta
398 2636 431 2687 et
448 2617 668 2700 malesanaet,
682 2635 718 2685 ut
737 2617 837 2687 verbo
851 2619 968 2701 diuam,
989 2619 1153 2709 decrepite
1166 2637 1198 2689 et
1216 2584 1359 2695 delirans

172 2749 240 2814 exit
259 2770 303 2825 eu¹
314 2769 370 2812 ore
391 2743 506 2836 populi
519 2744 712 2833 desipientis.
734 2745 797 2821 Per
813 2770 919 2822 annos-
929 2746 1004 2837 plus
1027 2747 1359 2839 quembiemillenos

172 2875 337 2951 Graeeitas
352 2874 432 2940 vivit
443 2871 561 2953 nobis,
587 2869 744 2946 habemus
758 2892 970 2950 monumenta
985 2876 1114 2967 ingenii
1132 2875 1243 2949 Graeci
1261 2898 1356 2941 nono

172 3000 390 3070 saeculoante
410 2999 448 3065 C.
477 3024 512 3067 n.
545 3000 691 3079 condita,
714 2997 833 3079 affatim
860 3019 1007 3090 superest
1030 2999 1359 3085 oamm.⁵litesarum,

173 3154 257 3223 quae
283 3125 409 3195 eaeetilo
429 3129 471 3191 13
496 3143 569 3216 post
595 3125 633 3200 C.
656 3150 691 3193 n.
707 3126 753 3191 ad
767 3143 908 3215 posteros
925 3143 1219 3220 suntpropagetee.
1233 3127 1359 3219 '‘Saepe

173 3275 213 3325 et·
231 3253 376 3337 multum
408 3271 540 3344 questus
562 3278 636 3333 sum
661 3253 704 3335 de
731 3253 998 3334 eorum-levitate
1020 3272 1072 3321 ³et-
1091 3224 1357 3348 temeritate.;qni

174 3387 282 3458 omnia
296 3387 338 3465 in
356 3409 458 3451 unam
477 3383 670 3475 farraginem
688 3399 836 3475 congesta
848 3385 960 3459 eodem
976 3406 1084 3452 umore
1106 3400 1138 3450 et
1159 3383 1354 3473 studiopre-

173 3530 373 3606 sequuntur:
402 3510 630 3601 quantumilli
650 3511 832 3577 detrimenti
856 3510 952 3579 honis
973 3509 1071 3577 literis
1093 3507 1353 3599 attulerinteffge

173 3660 312 3733 rantque
343 3627 439 3706 etiam
464 3638 554 3728 apud
573 3663 646 3719 vos,
669 3664 701 3707 v.
722 3663 774 3720 0.,Β
787 3639 956 3729 disputavi.
1000 3640 1086 3713 Fieri
1104 3665 1171 3706 non
1193 3656 1358 3730 potestzut

174 3767 354 3860 intelligant
377 3785 408 3833 et
425 3769 653 3857 persentiscunt
670 3768 783 3848 veteris
807 3765 936 3858 linguae
960 3790 1106 3847 venerea,
1129 3767 1357 3858 qui—Graecu-

173 3896 283 3981 lorurn
312 3894 416 3962 soetus
437 3917 505 3961 nou
520 3894 593 3969 ,dico
614 3896 770 3982 patienter
791 3895 848 3961 sed
866 3919 943 3969 cum
963 3894 1072 3986 aliqua
1087 3897 1190 3969 'animi
1212 3895 1358 3971 obleeta-

60 4032 63 4037 '
133 4092 137 4097 ,
174 4027 261 4093 tione
292 4039 323 4090 et
346 4024 416 4089 sine
435 4042 555 4105 nauseet
577 4038 608 4104 et
635 4021 759 4088 fastidio
788 4021 963 4114 perlegant.
1008 4021 1358 4101 Miratmlnbeekiru

173 4149 399 4242 Phrynichum
413 4172 530 4232 suum,
543 4171 673 4238 operose
690 4167 723 4218 et
735 4154 804 4217 sine
819 4151 886 4218 ulla
901 4175 1020 4227 venere
1039 4150 1216 4227 lenutiones
1235 4150 1357 4225 Attinas

134 4275 137 4279 ¹
175 4297 207 4347 et
229 4278 369 4369 plebeias
387 4280 481 4347 utin
500 4278 625 4361 musivo
642 4301 738 4367 opere
760 4282 956 4359 conterentis
969 4297 1006 4346 v.
1025 4279 1184 4368 σύσσημον
1191 4316 1211 4360 ,s
1218 4298 1264 4368 pk:
1279 4278 1355 4379 bid.

173 4407 294 4474 Audite
312 4407 412 4496 ipsius
431 4404 530 4474 verba
545 4405 728 4487 “laioloous
748 4374 956 4481 verhis'leotie
975 4424 1007 4475 et
1022 4406 1355 4479 illusutbtutdisuae·

94 4632 97 4646 Δ
173 4552 225 4604 tus
244 4551 434 4626 argumento
452 4555 517 4615 esee
530 4550 647 4622 *potest
662 4534 949 4627 .Phryniehum;.si·
978 4537 1051 4602 satis
1083 4536 1175 4624 spatii
1200 4535 1352 4625 adarim
