3060 5302
459 362 462 367 ’
513 356 672 402 saeviret
693 355 885 404 nnrntvars.
1251 345 1292 407 tt

113 525 239 593 Verum
257 540 317 590 est:
342 525 397 590 sed
417 525 489 615 quis
502 548 570 590 non
594 542 667 614 post
689 525 856 592 Platonem
875 523 1052 611 προκόπτειν
1073 529 1152 594 dixit
1166 548 1196 596 et
1217 553 1293 615 προ-
1331 562 1334 567 <

112 653 225 744 nonde?
245 678 351 745 quum
373 655 445 744 quis
468 670 634 744 quaereret
653 651 847 742 rimisteino
868 655 886 722 ὁ
905 658 1005 736 δεῖνα,
1026 655 1107 722 ridet
1127 661 1218 749 quasi
1238 689 1293 747 με-

114 786 267 868 λετήσισαι
288 785 391 850 dicere
408 783 624 872 debuisset,at
641 785 713 873 quis
734 807 802 849 non
821 787 856 850 in
876 784 938 849 hoc
959 809 1091 876 genere,
1115 789 1140 852 si
1162 813 1294 877 peccare

114 914 176 979 hoc
193 930 252 1006 gest,
276 929 314 978 ut
330 929 376 978 est
394 913 462 978 sine
480 910 548 977 ulla
563 915 795 994 controversia,
820 915 997 1003 saepissime
1015 918 1166 1002 peccavit.
1188 918 1292 984 Nemo

115 1041 213 1108 ferme
234 1057 281 1107 est
301 1040 534 1119 recentiorum,
560 1042 617 1129 qui
648 1065 715 1107 non
741 1044 776 1107 in
807 1044 866 1108 isto
900 1065 1015 1134 genere
1042 1041 1084 1108 ab
1111 1045 1293 1113 Atticorum

115 1194 175 1236 usu
204 1168 378 1234 deflexerit.
429 1165 526 1246 Satis,
557 1167 666 1249 credo,
689 1186 812 1235 constat
840 1166 1009 1256 σίιούσσμσι
1028 1189 1060 1238 et
1078 1168 1242 1261 γελάσομαι
1261 1193 1294 1243 et

113 1296 326 1382 ἐπαινέσομαι,
345 1293 406 1360 alia
424 1311 570 1360 sexcenta
584 1295 668 1362 bene
683 1297 806 1368 Graeca
819 1323 883 1366 esse
900 1316 932 1366 at
949 1302 999 1366 isti
1018 1302 1136 1390 yricium
1155 1321 1188 1369 et
1206 1307 1294 1373 tua-

114 1424 191 1494 ιέσω
212 1441 243 1490 et
264 1420 386 1493 ιῖκσόσω
414 1422 613 1490 confidenter
641 1425 802 1492 dicebant.
849 1427 889 1491 In
921 1431 1079 1494 contrario
1108 1453 1223 1522 genere
1247 1448 1294 1496 est
1391 1478 1394 1482 a

113 1542 197 1634 λήσω
218 1553 309 1641 quod
328 1551 434 1620 solum
451 1551 536 1619 bene
557 1553 719 1620 Graecum
741 1569 801 1620 est:
828 1571 860 1618 at
883 1556 932 1620 isti
954 1581 1063 1624 omnes
1079 1561 1167 1648 turpi
1187 1583 1294 1625 errore

114 1672 249 1782 λήσομαι
265 1700 306 1746 ex
322 1679 412 1772 vulgi
430 1682 663 1748 consuetudine
680 1683 782 1748 dicere
804 1701 988 1772 coeperunt.
1021 1686 1292 1751 Buttmannusin

116 1832 150 1874 ea
168 1808 272 1873 forma
293 1808 506 1897 Apollonium
524 1812 688 1876 Rhodium
713 1827 744 1876 et
761 1809 966 1878 Aristotelem
994 1811 1105 1877 laudat
1132 1829 1292 1895 auctores,

116 1958 190 2000 casu
210 1953 241 2000 et
261 1953 378 2002 temere
398 1940 433 2003 in
447 1936 579 2003 illorum
594 1937 679 2004 locos
695 1939 820 2019 incidit,
838 1941 1023 2020 annotavit,
1047 1942 1119 2004 satis
1133 1964 1197 2006 esse
1222 1965 1293 2007 cre,-

116 2060 207 2126 didit:
233 2080 266 2127 at
290 2086 386 2129 nemo
406 2088 474 2130 non
491 2068 705 2132 recentiorum
721 2069 765 2132 sic
784 2068 922 2156 scripsit,
934 2090 1030 2132 nemo
1045 2083 1190 2134 veterum
1203 2066 1295 2135 aliter

117 2222 213 2288 quam
232 2191 318 2281 λη’σω
338 2192 419 2258 dixit
431 2160 589 2284 linquam.
622 2195 842 2262 Atticistarum
855 2197 998 2285 primarii
1013 2212 1050 2259 ut
1067 2219 1116 2261 res
1144 2213 1176 2262 et
1205 2222 1295 2263 casus

116 2324 259 2392 tulerunt
278 2321 374 2388 modo
394 2319 480 2410 λη’σω
500 2325 695 2422 scripserunt
709 2327 918 2414 antiquorum
936 2347 1108 2406 memores,
1130 2349 1222 2414 saepe
1238 2320 1295 2414 λη’-

23 2517 29 2522 .
120 2472 208 2534 σσμσι
226 2476 264 2518 ox
276 2449 507 2516 consuetudine
525 2447 719 2539 aequalium.
735 2448 968 2538 Exemplorum
980 2448 1104 2515 nubem
1114 2473 1153 2514 ex
1164 2450 1294 2517 Graecis

83 2567 86 2572 ¹
122 2578 321 2669 scriptoribus
344 2575 455 2642 afferre
477 2575 627 2664 perfacile
640 2593 704 2656 est,
729 2576 817 2640 unde
830 2594 981 2666 appareat
996 2568 1095 2667 quam
1112 2594 1221 2667 turpes
1240 2602 1314 2643 er-r

121 2731 203 2774 rores
237 2706 278 2772 ab
306 2708 380 2802 ipsis
402 2703 533 2770 Graecis
551 2702 672 2769 soleant
686 2705 842 2769 committi
861 2705 1011 2793 impune,
1034 2704 1185 2771 omnibus
1208 2675 1294 2772 idern

116 2834 329 2926 peccantibus.
352 2868 395 2880 —-
420 2830 531 2897 Cicero
551 2831 639 2920 apud
663 2829 876 2898 Plutarchum
896 2838 1052 2922 πρσῆλθσν
1070 2833 1205 2919 σ’μόσωιε
1229 2860 1294 2924 pu-

115 2965 216 3046 deret,
244 2963 357 3044 credo,
384 2963 522 3026 tironem
550 2962 585 3025 in
613 2958 692 3025 ludo
708 2957 847 3026 literario
866 2956 970 3046 σ’μόσω
991 2984 1049 3049 pro
1076 2961 1206 3049 ὀμοῦμαι
1235 2988 1295 3053 po-

116 3094 210 3158 suisse
220 3142 231 3174 ,
254 3091 337 3182 quid
356 3089 417 3157 illis
436 3089 530 3156 facias
549 3092 606 3179 qui
631 3105 772 3155 statuant
794 3105 825 3155 et
844 3089 983 3174 ὀμεῖσθαι
1002 3090 1164 3156 Graecum
1184 3115 1252 3170 esse
1265 3109 1296 3158 et

114 3212 232 3298 ὀμόσειν
252 3220 520 3310 quandoquidem
548 3221 583 3283 in
600 3216 656 3283 illo
681 3216 847 3284 Plutarchi
867 3216 937 3282 loco
958 3216 1092 3309 legatur.
1136 3219 1201 3286 Sed
1224 3244 1292 3286 non

114 3365 159 3414 est
178 3349 276 3413 huius
301 3346 364 3412 loci
385 3370 445 3413 nec
469 3347 619 3440 temporis
652 3340 736 3436 quae
762 3345 842 3410 mihi
867 3346 908 3412 de
933 3345 996 3411 hoc
1023 3364 1212 3440 argumento
1225 3348 1293 3414 col·-
1357 3398 1359 3402 ι

114 3473 193 3542 lecta
207 3478 272 3542 sint
297 3473 442 3564 exempla
462 3475 632 3555 vitiorum,
662 3498 745 3564 quae
764 3475 830 3564 ¹ipsi
854 3473 968 3539 Gracci
990 3477 1220 3541 commiserunt
1236 3501 1292 3544 ex-

114 3629 269 3693 promere.
288 3604 486 3693 Expromam
502 3601 624 3692 siquid
642 3600 762 3667 horum
778 3603 888 3667 vestris
907 3601 1030 3668 iudiciis
1045 3602 1292 3694 comprobatum
1350 3612 1355 3616 ’

114 3731 236 3821 publici
265 3734 345 3798 iuris
366 3730 508 3798 facturus
535 3754 625 3810 sum,
642 3726 696 3793 '⁵ut
716 3729 847 3795 tandem
875 3730 917 3794 ad
939 3730 1024 3796 hanc
1047 3733 1203 3798 rationem
1226 3735 1295 3798 exi-

114 3877 246 3950 gantur,
270 3884 354 3952 quae
373 3860 413 3925 de
433 3883 496 3923 usu
522 3872 554 3922 et
584 3857 776 3946 proprietate
792 3855 908 3922 Graeci
928 3860 1081 3924 sermonis
1103 3883 1193 3925 nunc
1212 3861 1295 3926 tradi

113 4011 170 4077 per
187 4011 303 4054 manus
320 3987 492 4076 doceriqne
511 3982 657 4050 assolent.
678 3985 802 4051 Paucae
824 3984 1127 4051 suntAtticistarum
1142 3985 1293 4053 observa-

113 4117 224 4198 tiones,
240 4139 360 4205 paucac
383 4115 675 4180 Grammaticorum
688 4114 907 4179 annotationes
918 4178 921 4182 Α
931 4138 1015 4204 quae
1035 4114 1079 4179 sic
1094 4137 1162 4179 non
1183 4087 1294 4180 emen-

63 4334 68 4342 ,
113 4245 180 4310 dari
210 4246 406 4335 purgarique
436 4241 583 4308 debeant.
628 4241 812 4332 Seponendi
838 4259 933 4308 erunt
958 4260 1101 4310 auctores
1130 4266 1198 4308 sero
1227 4224 1295 4308 nati

112 4390 143 4439 et
169 4374 288 4440 iudices
314 4396 381 4438 non
412 4372 535 4437 idonei:
559 4371 759 4460 producendi
785 4389 879 4439 testes
898 4388 992 4438 erunt
1011 4370 1129 4438 classici
1153 4389 1184 4438 et
1202 4370 1294 4437 locu-

51 4509 53 4514 ’
111 4499 227 4589 pletes,
251 4503 309 4591 qui
332 4500 374 4566 ad
391 4522 533 4567 severam
547 4501 678 4567 criticen
694 4503 793 4568 exacti
820 4500 910 4567 brevi
936 4500 1018 4564 inter
1040 4523 1071 4566 sc
1094 4502 1294 4567 consentient
