3060 5302
523 370 542 416 a
568 369 720 418 rorantur
742 371 974 418 marmaniam.
1219 351 1226 359 '
1301 355 1342 417 ta

172 538 228 602 nia
260 538 295 602 in
322 537 518 628 Theognide.
537 536 719 626 ponebant,
755 537 841 603 unde
871 552 986 602 notum
1009 536 1216 626 proverbium
1248 538 1346 604 dere

171 661 360 755 pervulgata
384 681 414 731 et
433 663 484 731 vel
497 667 604 754 pueris
626 681 718 730 notas
743 665 822 729 “boc
844 672 909 728 iam
922 662 1059 730 sciebam
1076 679 1243 755 antequam
1261 666 1344 732 Tbe-

170 798 264 880 ogais
283 804 478 856 nasceretur:

432 1040 516 1110 teeti
532 1041 589 1126 μὲν
604 1036 690 1134 ᾔδεα
709 1041 779 1127 πρὶν
801 1038 923 1127 Θέογνιν
939 1039 1093 1127 γεγονέναι.

171 1301 296 1368 deinde.
313 1274 490 1369 Homerum
511 1299 659 1394 legebant
683 1325 719 1366 ac
740 1318 876 1368 caeteros
898 1311 1006 1392 poetas
1023 1303 1176 1392 imprimis
1205 1303 1342 1382 Ionicos,
1425 1328 1431 1338 ·

171 1430 421 1509 Ammontem,
445 1424 642 1520 Simonidem
668 1425 754 1508 ahos,
770 1452 912 1517 quorum
936 1416 1035 1511 ῥήσεις
1058 1430 1188 1494 recitare
1209 1445 1240 1495 et
1265 1453 1343 1495 can-

163 1552 240 1622 'tare
261 1579 357 1622 nemo
389 1551 499 1643 paullo
531 1554 703 1654 humanior
731 1571 798 1620 erat
828 1556 922 1621 etiam
955 1557 990 1620 in
1023 1579 1057 1621 re
1078 1558 1168 1621 tenui
1198 1558 1255 1646 qui
1275 1579 1344 1621 non

170 1686 249 1771 scite
270 1700 303 1750 et
323 1681 489 1749 commode
511 1698 623 1770 posset.
668 1679 805 1772 Elegans
826 1683 981 1771 imprimis
1003 1698 1034 1749 et
1046 1680 1261 1749 memorabilis
1282 1683 1344 1748 hac

171 1813 213 1879 de
233 1836 267 1878 re
287 1809 381 1877 loeus
401 1826 461 1891 est,
480 1833 581 1900 quem
602 1805 744 1875 Galenus
765 1831 803 1874 ex
825 1808 990 1898 deperdita
1002 1809 1221 1900 Aristophanis
1233 1808 1344 1875 fabula

170 1943 319 2021 servavit,
349 1937 408 2004 ubi
436 1939 501 2004 duo
527 1936 638 2003 fratres
656 1935 919 2017 inducebantur,
944 1935 1022 2003 alter
1051 1933 1157 2004 bonus
1189 1954 1221 2003 et
1240 1936 1344 2028 frugi,

170 2071 299 2159 optimis
328 2069 440 2134 studiis
469 2084 499 2132 et
531 2065 651 2131 artibus
677 2055 832 2142 imbutus,
855 2063 934 2128 alter
960 2088 1101 2154 nequam
1131 2079 1163 2129 et
1187 2060 1343 2155 garrulus,

171 2215 355 2287 protervus,
388 2195 571 2285 impudens,
593 2154 834 2262 ¹causidicorum
863 2210 894 2258 et
918 2191 1105 2258 rabularum
1126 2189 1294 2256 calumniis
1314 2205 1345 2254 et

172 2323 339 2391 fraudibus
362 2326 552 2405 innutritus,
573 2348 612 2390 ex
633 2347 699 2413 quo
725 2323 849 2411 quaerit
872 2320 983 2386 frater:
1007 2320 1058 2384 dio
1079 2318 1174 2399 mihi,
1201 2319 1226 2383 si
1251 2318 1344 2397 nosti,

175 2451 256 2540 quid
284 2450 440 2544 significat
465 2451 552 2539 apud
568 2445 760 2519 ¹Homerum
776 2439 912 2528 κόρυμβα
932 2472 970 2512 ex
992 2445 1076 2511 libro
1098 2443 1159 2509 τῶν
1176 2442 1345 2524 μλωσσῶνί)

181 2576 290 2643 deinde
321 2581 448 2669 quaerit
476 2602 514 2644 ex
534 2578 645 2643 eodem
669 2601 752 2667 quae
772 2578 835 2641 sint
860 2577 894 2640 in
907 2575 1045 2639 Homero
1067 2564 1201 2654 α’μενηνᾶ
1218 2565 1344 2653 κάρηνα,

177 2726 245 2769 non
266 2704 360 2770 habet
380 2706 470 2795 quod
489 2705 686 2794 respondeat,
707 2720 744 2769 ut
761 2704 823 2793 'qui
840 2726 1022 2791 numquam
1040 2700 1089 2766 his
1109 2700 1219 2769 studiis
1245 2702 1345 2792 quid-

175 2855 273 2920 quam
293 2855 406 2921 operae
424 2833 556 2923 dederit,
576 2849 672 2922 atque
692 2832 769 2897 adeo
793 2847 831 2895 ut
846 2821 1022 2901 ἀπαίδευτος
1049 2845 1080 2893 et
1102 2830 1204 2893 omnis
1225 2826 1344 2925 libera-

174 2955 214 3023 lis
233 2958 396 3024 doetrinae
421 2982 532 3048 expers
552 2984 575 3024 a
596 2958 692 3026 fratre
715 2977 746 3026 et
767 2976 855 3049 patre
878 2956 1037 3022 irridetur.
1082 2953 1176 3022 Alius
1194 2954 1283 3022 locus
1298 2973 1344 3023 est

80 3143 86 3151 .
174 3088 209 3150 sn
230 3085 362 3152 comico
386 3086 531 3153 stratone
553 3088 641 3176 apua
662 3087 866 3153 athenaeum
892 3085 959 3165 ix,
984 3084 1063 3163 aaa,
1087 3085 1144 3172 qui
1166 3081 1271 3173 leprae
1292 3087 1345 3152 in-
1424 3065 1431 3085 ‘

174 3213 265 3278 ducit
295 3237 439 3303 coquum
458 3217 552 3280 meris
574 3211 868 3303 vocabulisapriscis
885 3213 1059 3277 Homericis
1083 3228 1226 3278 utentem
1248 3229 1346 3302 atque

174 3342 218 3405 sie
240 3339 366 3405 bonum
391 3340 636 3421 Atheniensem,
666 3341 723 3429 qui
753 3336 836 3405 nihil
857 3340 896 3404 de
919 3338 967 3403 his
989 3336 1194 3430 intelligebat,
1222 3338 1344 3406 obtun-
1374 3366 1377 3374 ⁴

174 3470 314 3534 dentem.
358 3471 446 3552 Quot
477 3471 614 3535 invitasti
637 3460 774 3550 μδροπας
801 3467 842 3532 ad
873 3467 1026 3534 coenam?
1053 3470 1186 3557 quaerit.
1231 3469 1344 3560 Egone

175 3588 311 3678 μὲροπας
327 3596 368 3660 ad
390 3595 544 3661 coenam?
582 3595 671 3662 Satin
689 3594 860 3660 sanuses?
882 3612 919 3660 tu
941 3620 992 3662 me
1007 3598 1079 3662 istos
1095 3587 1230 3678 μέροπας
1254 3620 1344 3662 nosse

172 3721 289 3810 putas?
312 3721 431 3788 Nullus
452 3724 560 3788 aderit.
586 3725 710 3811 Nempe
720 3722 782 3787 hoc
794 3739 859 3787 erat
878 3721 1041 3813 reliquum
1051 3740 1088 3787 ut
1106 3725 1199 3789 etiam
1209 3714 1345 3805 μέροπας

173 3849 342 3936 invitarem
364 3849 405 3914 ad
428 3874 569 3915 coenam.
592 3889 633 3899 -—
651 3846 769 3914 Nullus
788 3851 885 3942 igitur
905 3849 1006 3916 aderit
1028 3841 1208 3930 δαιτυμῶνΡ
1230 3851 1344 3916 deinde

125 4023 131 4034 .
173 3973 234 4040 alia
250 3973 381 4041 similia:
401 3977 487 4060 μῆλα
506 3969 676 4055 θυσιάζεις
701 3979 835 4068 quaerit,
855 3978 931 4043 Non
950 3979 1110 4068 equidem.
1134 3975 1215 4050 nihil
1224 3978 1344 4044 horum

174 4103 230 4168 sed
250 4094 423 4184 προβάτιον.
468 4107 584 4173 Nonne
610 4108 718 4198 igitur,
752 4107 872 4196 inquit,
902 4104 988 4188 μῆλα
1010 4107 1162 4171 dicuntur
1182 4094 1344 4188 apsidatas?

171 4229 275 4318 quid?
295 4232 383 4313 μῆλα
414 4250 490 4298 sunt
511 4226 669 4316 antitiste?
700 4231 747 4298 nil
766 4232 916 4321 equidem
937 4233 1055 4297 horum
1081 4256 1139 4321 per
1163 4233 1273 4299 lovem
1292 4233 1344 4297 in·
1432 4316 1442 4325 ᾗ

171 4356 292 4450 telligo,
305 4384 425 4450 neque
456 4364 554 4450 cupio
575 4361 678 4427 etiam.⁴
713 4362 802 4426 Itane
825 4385 891 4426 non
912 4363 994 4427 nosti
1018 4361 1196 4428 Homerum
1224 4362 1268 4427 sio
1293 4359 1344 4425 lo-

170 4485 251 4574 qui?
281 4487 412 4555 Licebat
435 4488 573 4555 Homero
605 4487 695 4579 loqui
732 4488 892 4580 quidquid
914 4486 1067 4570 libuerat,
1097 4489 1151 4554 sed
1180 4486 1340 4578 quidhoc
