3060 5302
126 2046 241 2136 Nolite
263 2070 390 2149 mirari,
414 2071 474 2135 viri
496 2067 615 2150 caleh„
639 2071 665 2132 si
692 2090 936 2158 nuncquoque
957 2091 1052 2133 exea
1074 2084 1163 2157 parte
1183 2069 1307 2134 studio-

124 2222 200 2265 rum
225 2220 388 2278 meorum,
412 2222 430 2262 a
456 2222 522 2288 qua
546 2221 598 2263 me
625 2213 768 2285 tempora
788 2212 820 2261 ct
841 2194 1017 2264 lectionum
1042 2196 1308 2265 Academicamm

127 2329 262 2422 rationes
285 2341 435 2406 avocant,
465 2327 633 2416 ingenium
652 2341 684 2390 et
702 2341 818 2390 natura
834 2342 994 2407 revocant,
1016 2327 1038 2391 i.
1057 2349 1086 2391 e.
1109 2326 1150 2392 ad
1170 2325 1309 2392 Graecas
1338 2380 1342 2398 ,

128 2453 232 2530 literas
260 2453 480 2535 illustrandas,
513 2453 555 2517 ad
580 2455 736 2518 rationem
764 2453 997 2520 Grammaticae
1027 2453 1168 2519 Graecae
1195 2475 1307 2518 emen-

132 2583 287 2666 dandam,
311 2598 538 2676 argumentum
551 2581 633 2646 mihi
655 2583 778 2661 sumsi,
797 2582 837 2647 de
856 2606 923 2672 quo
943 2584 986 2646 ita
1009 2581 1050 2648 ad
1072 2604 1129 2648 vos
1149 2580 1306 2660 dicerem,
1343 2592 1345 2596 ’

132 2726 170 2775 ut
198 2727 311 2778 vestras
331 2712 502 2778 sententias
527 2711 592 2777 sive
614 2710 656 2775 ad
672 2709 904 2790 confirmanda,
928 2734 1011 2800 quae
1028 2709 1109 2776 mihi
1129 2709 1237 2806 videre
1256 2711 1308 2775 vi-

128 2839 215 2918 deor,
231 2855 264 2905 et
282 2838 444 2920 ornanda,
460 2840 526 2904 sive
544 2855 582 2903 ut
600 2855 760 2905 errantem
778 2839 953 2920 retrahatis,
971 2837 1128 2906 elicerem.
1150 2838 1310 2918 Premunt

125 2967 162 3031 in
182 2966 307 3033 Graeco
327 2990 472 3032 sermone
490 2982 522 3032 et
542 2966 670 3033 Graecis
693 2964 792 3032 literis
818 2966 923 3032 studia
944 2965 1161 3032 Grammatica
1184 2966 1309 3030 saniora

126 3091 328 3160 difficultates
348 3094 539 3185 complures.
562 3094 665 3160 Moles
687 3097 800 3186 ingens
817 3111 864 3161 est
882 3111 914 3161 et
929 3093 1054 3185 farrago
1073 3117 1183 3160 rerum
1200 3092 1308 3159 diver·

126 3224 338 3303 sissimarum,
361 3247 445 3312 quae
464 3221 614 3288 confusae
633 3240 664 3288 et
689 3225 863 3312 permixtae
884 3246 974 3288 nunc
998 3221 1156 3287 laborioso
1176 3210 1308 3286 artificio

126 3353 227 3444 magis
245 3354 340 3418 etiam
358 3355 592 3442 permiscentur
616 3370 648 3419 et
671 3351 928 3418 confunduntur.
975 3352 1171 3440 Numquam
1192 3373 1232 3415 ex
1259 3348 1309 3413 his

127 3498 267 3573 emerget
279 3481 496 3548 Grammatica
513 3483 629 3562 sanior,
648 3504 830 3570 numquam
849 3503 918 3545 non
940 3481 1108 3572 ingenium
1125 3478 1309 3542 humanum

126 3609 190 3674 hoc
211 3632 326 3701 genere
344 3611 573 3676 exercitationis
596 3608 796 3674 obtundetur
816 3606 941 3676 facilius
963 3632 1063 3699 quam
1084 3623 1232 3687 acuetur,
1247 3605 1309 3671 do-

126 3758 208 3815 nec,
228 3753 267 3802 ut
298 3738 333 3803 iu
355 3735 411 3802 illo
433 3736 643 3829 Anaxagoreo
669 3737 800 3827 placito,
826 3761 930 3827 quum
951 3739 1015 3802 sint
1034 3734 1134 3807 edna
1152 3737 1193 3804 roi
1211 3734 1310 3825 πράγ-

70 3917 76 3926 .
126 3891 212 3946 ματα
238 3865 330 3949 ὁμοῦ,
356 3864 375 3932 ὁ
400 3870 471 3943 νοῦς
499 3864 603 3934 ἐλθών
629 3861 831 3955 διακοσμήσει.
885 3862 1172 3955 Indignabundus,
1205 3864 1311 3928 dicam
1361 3857 1365 3868 '

128 3992 217 4056 enim
253 3989 354 4057 libere
394 3992 484 4082 quod
525 3995 642 4074 sentio,
675 4014 752 4057 cum
785 3992 890 4058 taedio
920 4008 952 4057 et
980 3991 1105 4057 fastidio
1139 3991 1223 4060 soleo
1256 3994 1309 4058 in-

128 4119 248 4207 spicere
284 4136 316 4185 et
349 4119 501 4187 adhibere
532 4119 601 4185 illas
635 4122 759 4210 copias,
797 4115 877 4210 quas
913 4121 1084 4186 doctissimi
1119 4095 1242 4212 quique
1279 4137 1311 4187 et

128 4247 327 4315 celeberrimi
357 4248 650 4315 Grammaticorum
684 4272 774 4316 nunc
811 4247 913 4315 solent
942 4252 977 4315 in
1009 4251 1153 4342 ingentes
1183 4271 1309 4346 acervos

128 4391 291 4443 exstruere
320 4376 362 4441 ad
395 4379 549 4446 rationem
574 4395 606 4444 et
636 4402 733 4456 usum
764 4377 880 4444 Graeci
910 4379 1063 4446 sermonis
1082 4376 1319 4466 explicandum.

129 4505 491 4597 demonstrandumque.
546 4507 636 4577 Nihil
666 4533 723 4599 ego
759 4532 849 4576 nunc
871 4511 1066 4599 antiquiores
1091 4507 1308 4598 reprehendo,

117 4657 119 4661 f
1116 4637 1131 4668 ἢ·

161 4683 170 4710 t
