3060 5302
476 401 746 451 ontmucotou
768 403 926 451 verrant.
1271 389 1292 453 7

158 570 199 637 In
227 567 349 637 artibus
369 564 410 635 roi
428 562 545 634 παλαιά
563 586 642 638 sunt
664 571 769 654 rudia,
800 572 963 656 inchoata,
985 576 1175 655 invenusta,
1199 575 1234 640 in
1251 570 1294 641 li-

23 764 28 768 .
114 699 189 764 teris
215 713 248 764 et
262 695 465 789 eloquentia,
491 700 527 766 in
548 722 713 782 sermone,
743 702 779 768 in
795 704 877 786 rita,
905 702 1029 794 ubique
1061 701 1293 793 exploduntur.

106 825 236 912 ἀρχαῖος
254 824 371 892 dicitur
399 827 525 894 urbane
542 850 602 917 pro
621 827 743 894 insulso
764 846 796 896 et
821 831 962 920 stupido.
982 831 1096 896 Postea
1118 832 1227 897 omnia
1256 832 1293 896 in

108 953 305 1018 eontrarium
322 971 498 1020 verterunt.
532 955 625 1021 Nova
643 971 675 1021 et
688 957 810 1023 novitia
826 956 915 1045 apud
928 979 1039 1023 omnes
1055 956 1292 1048 improbantur.

70 1102 81 1119 ²
106 1079 199 1170 rim
220 1082 357 1164 >auae
371 1083 489 1171 βιβλία,
516 1080 755 1169 omero,
775 1079 858 1170 λόγοι
878 1089 940 1154 τῶν
958 1089 1098 1153 παλαιῶν
1116 1087 1153 1155 in
1169 1086 1293 1178 ingenti

107 1209 290 1298 suntapud
299 1233 411 1277 omnes
425 1208 522 1276 laudo
539 1225 572 1276 et
588 1209 727 1291 honoror
747 1211 776 1275 is
794 1210 856 1277 sihi
875 1211 1007 1280 videtur
1017 1210 1216 1279 beatissimus
1235 1212 1296 1302 qui

107 1340 253 1426 Pffilimss
268 1338 312 1405 ad
327 1340 551 1430 antiquiorum
566 1336 697 1403 laudem
718 1337 824 1409 veltet
844 1340 1005 1408 accedere.
1048 1341 1137 1409 Nata
1151 1357 1200 1407 eet
1217 1341 1293 1406 imi-
1395 1426 1402 1437 „

107 1468 204 1547 tatio,
227 1483 266 1533 ur
282 1463 553 1556 semperinfeli're,
577 1487 660 1554 quae
676 1463 760 1531 nihil
773 1465 982 1556 quodvirere
997 1445 1170 1558 etplaeore
1193 1469 1292 1558 possit
1318 1460 1321 1465 ’

107 1597 230 1686 genuit.
249 1594 464 1661 Acutissimus
482 1595 625 1686 quisque¹
637 1591 755 1658 fatetur
770 1591 854 1658 nihil
873 1617 907 1660 se
923 1593 1048 1661 efficere
1063 1595 1155 1687 quod
1171 1595 1213 1661 ad
1231 1619 1294 1661 an-

107 1725 275 1813 tiquorum
294 1723 520 1813 praestantiam
542 1722 583 1787 eit
607 1721 810 1812 exigendum.
855 1721 1065 1791 Erubeseunt
1085 1725 1112 1793 ei
1132 1746 1289 1791 attacum

107 1849 239 1919 illorum
257 1852 381 1942 scriptis
406 1866 625 1941 componunt,
647 1839 782 1918 reniam.
797 1850 1021 1942 deprecantur.
1065 1852 1121 1920 Ab
1147 1876 1186 1919 eo
1208 1870 1294 1920 tem·

107 2002 184 2067 pore
206 1996 285 2048 nata
307 1996 384 2047 sunt
407 1979 513 2046 suedia
536 1976 730 2070 philologica
743 1980 959 2072 antiquitatis,
980 1981 1060 2049 binc
1078 1979 1152 2050 illae
1172 1981 1294 2049 biblio-

107 2107 216 2176 thecae
230 2127 262 2176 et
273 2111 386 2202 ingens
399 2109 544 2185 studium
564 2071 678 2199 regum
692 2107 729 2172 in
745 2109 976 2198 conquirendis
992 2126 1025 2176 et
1034 2111 1179 2200 impenso
1191 2113 1295 2201 pretio

107 2237 427 2327 coemendis-scriptis
446 2244 510 2307 τῶν
528 2241 679 2319 παλαιῶν,
699 2236 735 2301 in
754 2233 835 2302 haee
854 2260 965 2304 onmes
986 2237 1193 2319 incumbere,
1215 2236 1295 2305 haec

24 2416 29 2425 .
107 2362 226 2455 legere,
255 2365 420 2447 meditarI,
453 2365 495 2431 ad
526 2363 720 2430 imitandum
749 2385 785 2430 se
803 2386 990 2453 comparare
1012 2362 1178 2433 saeculum
1210 2382 1288 2432 erat.

113 2490 158 2556 ht
170 2509 313 2582 tempora·
326 2490 668 2582 mutaverantlinguae
682 2513 797 2570 usum,
821 2493 886 2559 iam
898 2490 976 2559 olim
993 2516 1051 2582 per
1064 2493 1204 2559 diversas
1218 2492 1293 2557 stir-

113 2636 210 2708 peset
226 2622 343 2709 patrias
360 2616 558 2708 populorum
571 2616 750 2706 diversum,
775 2618 820 2684 sic
836 2635 875 2683 ut
896 2619 1021 2687 diversa
1037 2618 1156 2709 oppida
1178 2620 1213 2684 in
1233 2641 1294 2708 po·

19 2832 20 2835 ¹
111 2744 188 2834 pulo
204 2748 316 2813 eodem
329 2762 498 2814 uterentur
517 2768 663 2810 sermone
681 2745 816 2811 diverso
860 2746 936 2814 Non
951 2764 1078 2813 tantum
1095 2763 1213 2813 aetates
1236 2747 1295 2812 de-

109 2875 240 2940 crimina
263 2865 428 2941 >faciebant
450 2890 489 2939 ut
512 2870 575 2938 alio
601 2894 747 2939 sermone
766 2889 886 2942 veteres
929 2874 1043 2956 Attici,
1061 2874 1125 2941 alio
1145 2873 1295 2966 aequales

109 2999 350 3093 Arimphanis,
378 3000 441 3068 alio
464 3000 706 3081 Demosthenis,
737 2999 801 3068 aiio
822 3002 997 3070 Menandri
1022 3019 1208 3086 uterentur,
1239 3004 1297 3069 sed

108 3152 173 3195 uno
195 3131 374 3222 eodemque
394 3147 536 3220 tempore
557 3129 592 3195 in
616 3131 707 3195 Ionia
727 3130 916 3198 Herodotus·
926 3148 1068 3223 quatuor
1088 3135 1207 3223 species
1225 3128 1294 3199 dia-
1331 3168 1334 3171 ·

108 3254 180 3323 lecti
198 3257 340 3323 diversas
360 3260 446 3324 inter
461 3281 527 3324 sese
544 3273 788 3340 commemorat,
810 3256 873 3325 alia
893 3277 960 3326 erat
985 3258 1093 3327 Mileti
1120 3256 1290 3338 dialectus,

109 3382 168 3449 aba
183 3384 320 3474 Ephesi,
341 3385 404 3453 alia
420 3384 594 3467 Chiorum,
617 3383 799 3452 Samiorum
820 3382 883 3451 alia
904 3386 938 3469 Ι,
962 3389 1042 3452 Mb:
1066 3410 1105 3452 ex
1123 3410 1225 3478 quam
1240 3387 1294 3451 in-

109 3510 200 3577 finita
217 3515 311 3602 eopia
328 3514 372 3579 ad
387 3531 544 3604 quantam
558 3528 780 3604 paupertatem
789 3512 952 3580 Graecitas
968 3515 1094 3597 redacta
1117 3512 1178 3580 est!
1224 3514 1294 3580 Iam

109 3640 166 3727 qui
190 3642 224 3704 in
250 3641 384 3708 Graecia
407 3640 509 3710 libera
528 3659 675 3709 veterum
692 3641 808 3729 scripta
829 3642 1031 3730 interpretari
1050 3640 1196 3708 solebant
1217 3639 1292 3731 plus

107 3766 236 3858 ingenio
266 3787 299 3836 et
326 3770 444 3836 audaci¹
467 3753 651 3836 eonieohara
675 3791 776 3859 quam
797 3784 867 3834 arte
895 3785 927 3834 et
959 3769 1105 3836 doctrina
1136 3767 1288 3834 niteban-

107 3909 172 3960 tur.
216 3895 366 3966 Ioualare
384 3915 432 3966 est
452 3898 576 3980 videre,
599 3911 638 3963 ut
655 3893 703 3963 illi
723 3895 918 3993 Homerum,
942 3912 990 3970 ut.
1006 3894 1145 3986 reliquos
1172 3912 1293 3963 veteres

107 4033 216 4111 poe'tas
241 4023 362 4091 soleant
383 4023 557 4112 explicare,
579 4022 778 4090 confidenter
795 4021 886 4112 quod
911 4023 945 4087 in
976 4036 1117 4089 mentua
1147 4023 1236 4088 venit
1261 4041 1293 4088 et

106 4150 245 4219 buoeam
264 4153 357 4219 utin
381 4174 416 4218 re
433 4167 519 4218 carta
534 4153 789 4241 pronuntiantes.
826 4150 1042 4217 Grammatica
1065 4172 1116 4214 ars
1136 4163 1168 4214 et
1188 4149 1291 4215 inter-

106 4266 254 4368 pretandi
270 4303 347 4346 usus
363 4281 513 4346 nondum
534 4280 608 4355 satis
623 4276 812 4344 constabant
826 4295 857 4343 et
876 4294 915 4343 ut
934 4279 1073 4369 qraieque
1092 4289 1159 4343 erat
1172 4277 1291 4341 aeuus·

107 4408 211 4474 simus
231 4409 276 4507 sio
293 4409 435 4498 optimus
455 4405 638 4474 habebatur
648 4406 803 4496 interpres
822 4422 853 4473 et
865 4406 1059 4487 verborum,
1080 4427 1165 4495 quae
1183 4420 1290 4489 tamen

107 4536 236 4622 penitus
265 4537 438 4626 ignoraret,
462 4551 494 4602 et
517 4536 745 4603 sententiarum
768 4558 848 4627 quas
873 4556 940 4600 non
960 4534 1032 4601 satis
1051 4531 1193 4599 habehat
1214 4555 1290 4623 per-

1470 4809 1475 4821 ἱ
