3060 5302
216 383 258 448 tt
592 397 632 441 ou
655 387 867 441 merorum
890 391 928 437 ar
950 391 1007 437 usu

215 563 386 637 suabinus
414 577 579 653 corruptas
608 565 779 652 scripturas
805 562 923 650 possim
942 557 1167 627 Grammaticis
1193 559 1398 648 imposuisse,

216 672 296 785 quas
322 692 418 759 modo
438 689 526 760 bona
548 689 612 757 fide
633 690 793 778 arripiunt
813 702 845 754 et
856 684 941 753 nihil
957 685 1035 752 mali
1049 688 1244 776 suspicantes
1258 702 1400 752 utuntur

215 846 275 912 pro
303 820 533 900 sincerissimis,
560 819 657 885 modo
685 817 945 906 interpretatione
974 815 1143 882 arbitraria
1170 839 1229 904 pro
1263 816 1398 905 imperio

211 949 389 1041 explicant,
414 948 504 1013 unde
525 944 706 1036 corruptela
728 944 794 1012 fere
808 943 845 1009 fit
860 940 1056 1007 immortalis.
1102 941 1210 1007 Etiam
1226 941 1288 1008 hoc
1302 940 1400 1032 qualo

216 1081 257 1146 sit
277 1077 420 1168 primum
433 1073 578 1165 exemplo
597 1071 764 1144 luculento
779 1071 957 1151 ostendam,
974 1071 1090 1139 deinde
1106 1068 1278 1161 quamlate
1293 1088 1401 1162 pateat

216 1204 376 1272 indicabo.
398 1204 562 1270 Dicuntur
576 1201 738 1268 Herodoto
753 1200 814 1268 Vl.
832 1201 885 1264 57.
919 1198 1153 1289 Spartanorum
1173 1221 1261 1290 reges
1275 1199 1325 1263 ius
1348 1199 1400 1263 di-

216 1358 287 1402 cere
307 1327 482 1426 πατροέχοο
501 1329 642 1422 παρθένε
670 1329 738 1420 πέρι
764 1316 797 1409 ές
814 1330 866 1398 τόν
885 1328 1009 1397 ἱκνέεται
1034 1327 1113 1413 ἔχειν
1137 1324 1177 1416 ἢν
1196 1329 1244 1416 μή
1261 1329 1280 1398 ό
1290 1327 1401 1419 ,πατήρ

216 1453 313 1543 aristis
331 1452 474 1546 ἒγγοὴοη.
514 1457 721 1525 Grammatiei
746 1457 888 1521 certatim
908 1442 1068 1544 adplicant
1087 1479 1170 1548 quae
1190 1457 1229 1521 sit
1248 1449 1403 1538 παρθένος

217 1596 403 1680 ποτροῦχος,
424 1611 540 1677 nempe
560 1584 625 1651 filia
647 1585 743 1650 unica
764 1599 825 1664 est,
848 1582 889 1648 ad
909 1580 1100 1672 quarn'post
1116 1600 1253 1648 mortem
1277 1585 1400 1648 utrius-

218 1743 284 1811 que
303 1718 442 1808 parents
461 1716 608 1805 pervenit
630 1730 696 1778 tota
714 1712 881 1779 hereditas.
915 1712 1030 1781 Atticis
1048 1716 1206 1804 ἐπίκληρος
1225 1713 1287 1778 dici
1310 1711 1402 1778 solet

217 1847 297 1917 Esse
310 1848 400 1914 hunc
411 1868 541 1912 sensum
549 1840 616 1910 loci.
628 1841 859 1911 Herodeteires
877 1843 946 1930 ipsa
964 1841 1091 1923 clamat,
1109 1842 1167 1908 sed
1179 1840 1262 1931 quid
1282 1863 1404 1930 quaeso

218 1993 280 2058 eet,
306 1975 397 2066 quod
417 1997 453 2041 ea
472 1974 563 2063 virgo
584 1971 711 2038 dicatur
728 1975 910 2061 πατροῦχος.
938 1970 1032 2036 Ratio
1052 1971 1150 2035 huius
1165 1971 1405 2058 compositionis

219 2106 310 2185 satis,
330 2103 462 2192 opinor,
480 2115 565 2166 certa
582 2113 629 2164 est
650 2113 682 2163 et
699 2095 851 2186 exemplis
870 2099 1058 2164 confirmata
1073 2101 1107 2164 in
1127 2105 1405 2189 summata,-

218 2236 345 2322 ροῦχος,
363 2235 563 2318 σκηπτοῦχος,
584 2228 770 2316 ῥαβδοῦχος,
791 2231 924 2316 αἰγίοχος
930 2279 942 2310 ,
961 2232 1082 2319 ἡνίοχος
1107 2226 1178 2310 alia,
1200 2251 1285 2318 quae
1301 2230 1405 2319 signi-

219 2358 315 2424 ficare
331 2352 450 2421 debent
462 2370 495 2420 et
514 2351 694 2445 significant
712 2345 795 2432 ἔχων
814 2379 856 2420 an
876 2350 995 2435 ἔχουσα
1011 2350 1115 2431 πόλιν,
1133 2344 1406 2439 supponamus&

220 2482 333 2570 ῥοᾈέον
351 2483 540 2572 οῖοέῑοφω
559 2490 734 2574 aurorem
752 2482 946 2572 quoddobet
953 2467 1406 2577 εῑςοέῦοοοοΙιιιέοκοοηοιιονοοι,ι

220 2631 311 2679 nunc
327 2625 458 2698 repente
477 2610 614 2698 ponitur
628 2635 690 2700 pro
705 2634 760 2692 oa,
781 2633 865 2700 quae
885 2627 978 2700 putre
990 2613 1031 2677 sit
1053 2611 1144 2677 orba.
1178 2611 1299 2677 Dicam
1313 2611 1406 2700 quod

206 2739 334 2824 'sentim
352 2740 378 2804 si
394 2761 432 2803 ea
456 2754 535 2805 essct
552 2740 634 2804 ratio
652 2738 952 2806 Graecitatis'satius
968 2757 1048 2806 esset
1066 2756 1175 2806 totum
1186 2738 1407 2805 hocstudium

221 2866 374 2948 abiicere,
394 2867 486 2957 quod
505 2865 608 2935 multo
629 2868 728 2959 rn'agis
747 2868 916 2959 ingenium
935 2885 1112 2958 pervertet,
1137 2868 1303 2935 obtundet
1316 2866 1405 2930 iudi·

219 2995 323 3074 cium,
348 2994 530 3067 occaecebit
555 2997 717 3076 auimmu,
743 2996 1051 3086 quaquuidqum
1065 2997 1234 3086 cumm²
1248 2992 1404 3082 proderit,

220 3121 278 3187 sed
292 3119 379 3187 salva
395 3145 444 3186 res
455 3137 518 3202 est,
538 3122 718 3190 Herodotus
730 3123 969 3206 emendabiutr,
980 3123 1186 3214 vapulabunt
1195 3123 1406 3188 Grammatiei

221 3265 255 3317 et
275 3250 404 3318 minore.
421 3246 495 3330 ‚fide
518 3265 667 3318 utentur:
691 3251 802 3316 subest
832 3251 973 3317 uerbum
993 3254 1136 3341 priscum
1155 3251 1296 3337 πέπαμαι
1315 3249 1409 3315 tmde

221 3384 330 3464 uduo,
343 3375 551 3460 πολοποὶμων,
570 3381 769 3465 ἔφηποματές,
786 3379 848 3446 alia
870 3379 988 3446 multa:
1019 3380 1108 3445 unde
1128 3380 1282 3466 πέμωχος
1301 3376 1404 3442 forma
1459 3357 1466 3371 ‚

93 3547 96 3551 v
222 3507 359 3584 Dorica,
383 3527 467 3595 quae
492 3503 811 3593 donibus-nuperixog
831 3508 996 3590 audiebat,
1026 3531 1176 3598 quaeque
1199 3508 1268 3595 ipsa
1299 3505 1401 3570 Hem—

223 3635 298 3702 doto
316 3632 480 3721 reddenda
496 3650 552 3700 est.
595 3635 648 3700 Ex
664 3638 765 3702 vauri
782 3637 863 3716 λέξεο
877 3637 1036 3713 Herodoti
1049 3660 1086 3702 ea
1107 3633 1209 3727 glossa
1223 3633 1352 3720 irrepsit.
1368 3632 1402 3694 in

223 3761 346 3829 Timaei
380 3762 524 3829 Lexicou
544 3760 766 3845 Platonicum,
790 3764 867 3829 ind'e
889 3763 1024 3828 Plautius
1048 3761 1220 3843 exscribit‚'
1241 3783 1342 3852 quem
1363 3758 1404 3822 de

222 3911 318 3958 more.
328 3887 512 3976 compilarit
536 3887 666 3958 Suidaa.
706 3890 757 3956 Ex·
775 3890 889 3956 eodem
903 3890 1036 3956 Timaeo
1056 3891 1200 3956 manauit
1218 3890 1254 3954 in
1277 3885 1406 3954 Scholia

223 4017 266 4086 ad
287 4017 410 4109 Leges,¹
421 4017 465 4085 sic
484 4033 626 4107 quatuor.
641 4016 727 4085 fiunt
742 4035 834 4084 testes
855 4042 896 4084 erc
916 4041 1001 4099 uno,
1022 4017 1079 4083 sed
1097 4015 1187 4084 leves
1202 4032 1242 4083 et:
1256 4014 1407 4081 futileset

224 4167 301 4211 cum
326 4159 493 4209 contemtu
522 4144 720 4227 dimittendi,
744 4145 864 4212 etiarnsi
883 4130 1032 4212 ¹strucenti
1058 4144 1173 4211 forent.
1208 4140 1332 4216 ¹Facile
1360 4157 1409 4206 est

224 4269 374 4360 exempla
390 4270 556 4339 cunualare
579 4273 636 4341 sed
654 4297 721 4340 non
741 4290 789 4342 eat
805 4273 904 4340 huius
926 4275 1077 4364 temporis
1099 4289 1133 4340 et
1150 4271 1211 4338 ubi
1235 4269 1325 4336 locus
1347 4267 1407 4333 da·-

224 4397 314 4470 bitur
342 4417 584 4489 expromentur.
625 4399 775 4470 Mirabile
801 4402 906 4485 dictu·⁷
932 4402 1049 4468 dixerit
1075 4399 1209 4492 aliquis,
1233 4399 1260 4463 'si
1288 4420 1326 4462 ea
1343 4450 1346 4454 .
1361 4413 1409 4462 ost

226 4528 505 4616 grammaticorum
524 4519 644 4609 levitas,
665 4551 717 4595 eos
738 4545 826 4596 tanta
844 4528 932 4619 apud
948 4553 1058 4596 omnes
1075 4528 1189 4595 florme
1210 4526 1406 4592 auctoritate.
