3060 5302
228 376 249 442 b
608 393 647 438 os
670 390 882 438 Arcrourrtrn
905 392 944 436 nr
968 390 1024 436 usu

227 559 391 628 Nubibus.
436 563 547 650 Itaque
566 583 657 649 saepe
680 560 765 625 idem
787 560 902 652 passim
919 557 1058 624 inculcat
1080 558 1282 627 auditoribus
1306 562 1350 624 ita
1372 576 1411 625 ut

227 685 429 752 facetissimus
450 685 533 751 iocos
551 685 680 751 misceat
694 701 760 749 tam
779 685 931 774 prudenti
947 683 1095 765 consilio,
1111 701 1149 750 ut
1162 687 1282 751 nescias
1296 703 1410 751 utrum
1461 775 1465 780 .

226 811 305 878 haec
328 811 434 878 ridens
448 834 490 876 an
510 827 648 900 moestas
670 813 839 900 scripserit.
861 813 1020 878 Moestitia
1035 813 1124 879 subit
1135 816 1283 880 animum
1297 812 1359 880 ubi
1373 815 1410 880 in

227 938 381 1008 Nubibus
395 941 544 1030 antiquos
558 961 663 1013 mores
676 954 707 1009 et
719 961 820 1005 novos
835 956 1012 1028 comparat,
1029 957 1061 1006 et
1074 941 1237 1007 decertant
1256 943 1274 1011 ὁ
1295 941 1411 1018 δίκαιος

184 1046 187 1053 ’
227 1066 329 1155 λόγος,
342 1070 445 1136 virtus
458 1068 618 1145 maiorum
632 1067 806 1150 eto‘ddeeoc
819 1065 1003 1156 aequalium
1017 1065 1132 1143 callida
1144 1069 1298 1158 nequitia.
1332 1070 1411 1145 Non

227 1218 351 1284 semper
363 1192 480 1261 ridebit
493 1195 551 1285 qui
564 1193 699 1287 Equites
712 1170 750 1259 eo
765 1163 873 1259 animo
888 1191 1016 1285 releget,
1032 1210 1071 1259 ut
1082 1194 1190 1261 videat
1204 1212 1303 1285 quam
1318 1166 1411 1265 caute

226 1331 320 1410 poe'ta
342 1322 404 1387 hoc
426 1318 519 1388 uleus
543 1337 651 1412 tangat
672 1337 705 1387 et
726 1321 861 1409 optimas
884 1336 965 1386 artes
978 1321 1137 1387 maiorum
1150 1338 1322 1411 componat
1334 1347 1412 1391 cum

227 1446 428 1529 auditorum,
457 1448 516 1537 qui
544 1448 579 1512 in
601 1468 697 1513 cavea
718 1446 864 1513 sederent
882 1445 981 1513 ferme
1002 1448 1165 1530 omnium,
1189 1450 1411 1538 improbitate,

123 1557 125 1560 Α
227 1575 368 1666 ignavia,
391 1588 529 1663 stupore.
567 1574 696 1639 Morosa
719 1590 751 1639 et
775 1574 843 1640 sine
865 1571 975 1639 fructu
997 1576 1146 1663 queritur
1167 1591 1199 1641 ct
1220 1575 1319 1642 eiulat
1341 1580 1411 1643 Iso-

227 1717 326 1769 crates
348 1700 452 1767 surdis
475 1699 618 1767 auribus.
641 1700 742 1766 Periit
756 1698 901 1782 libertas,
917 1700 1039 1790 periere
1053 1702 1198 1790 spiritus,
1211 1725 1308 1771 nemo
1323 1729 1412 1773 unus

227 1844 368 1919 superest
391 1826 528 1893 Athenis
546 1827 595 1893 vir
617 1831 753 1920 magmis
775 1844 807 1894 et
821 1852 894 1896 acer
908 1830 1038 1910 animo,
1055 1829 1237 1898 Demetrius
1251 1832 1331 1899 dixit
1345 1834 1412 1900 Po·

226 1956 371 2037 lior-ceta,
396 1957 580 2049 indignatus
603 1955 844 2024 abiectissimam
866 1956 1096 2025 adulationem:
1124 1959 1207 2040 ὀδεῖς
1236 1963 1412 2050 Ἀθηναίων

226 2086 273 2153 ἐπ’
292 2090 372 2170 ἐμοῦ
388 2087 486 2173 γέγονε
505 2087 600 2174 μέγας
619 2084 641 2174 ἢ
660 2085 752 2175 α’δρὸς
771 2085 828 2175 τήν
845 2085 963 2176 ψυχήν.
999 2085 1121 2152 Athen.
1142 2085 1205 2153 VI.
1228 2088 1280 2153 69.
1304 2091 1412 2158 incre-

227 2209 325 2277 dibile
354 2210 441 2277 dictu
463 2229 510 2278 est
532 2236 631 2303 quam
652 2184 746 2278 foeda
767 2228 799 2280 et
820 2213 973 2304 flagitiosa
994 2210 1178 2318 adulatione
1199 2214 1250 2279 isti
1272 2213 1413 2284 blanditi

226 2339 346 2407 fuerint
375 2343 466 2407 cuius
495 2366 599 2431 quum
627 2339 811 2431 exemplum
833 2338 988 2406 attulisset
1015 2339 1100 2407 idem
1130 2341 1312 2433 ingenioso,
1333 2369 1410 2415 nam

226 2469 393 2538 fatendum
408 2486 468 2550 est,
490 2485 522 2534 et
536 2467 727 2558 lepidissimo
757 2469 898 2535 carmine
923 2469 1094 2556 scriptum,
1117 2467 1174 2533 sed
1199 2469 1291 2558 quod
1311 2473 1413 2559 spirat

226 2599 348 2663 animos
370 2596 508 2662 abiectos
531 2612 569 2662 et·
583 2597 714 2688 ignavos
728 2596 849 2662 civium
862 2594 1012 2661 subiecit:
1028 2595 1107 2661 haec
1128 2596 1225 2687 igitur
1240 2614 1414 2666 cantarunt

226 2729 255 2793 οῖ
277 2725 575 2817 Μαραθωνομάχαι,
595 2727 653 2815 qui
681 2726 791 2814 capitis
819 2725 1011 2791 damnarant
1032 2723 1188 2816 legatum,
1211 2727 1301 2819 quod
1323 2726 1412 2793 obli-

226 2871 278 2922 tus
299 2856 469 2921 maiestatis
490 2853 605 2945 populi
628 2853 726 2920 Attici
748 2875 856 2944 regem
876 2853 1047 2919 Persarum
1068 2852 1238 2918 adorasset.
1284 2853 1412 2946 Verum

226 2998 334 3071 autem
356 2999 425 3049 erat
438 2980 528 3071 quod
542 2979 700 3050 Demades
715 2979 844 3055 iecerat:
853 2979 969 3044 civitas
984 3001 1093 3062 nunc,
1109 2979 1228 3069 inquit,
1240 2996 1286 3046 est
1300 2980 1410 3048 vetula

226 3131 307 3178 anus
338 3109 498 3198 decrepita
527 3084 671 3175 sandalis.
696 3105 810 3173 induta
839 3121 871 3170 et
898 3106 1057 3193 ptisanam
1084 3106 1216 3176 sorbens
1240 3148 1283 3161 -·-
1307 3113 1412 3200 perire

226 3238 323 3305 satius
342 3252 412 3317 verat
435 3258 535 3325 quam
556 3239 600 3303 sie
623 3238 739 3303 virere.
763 3232 809 3300 At
829 3255 930 3322 quam
946 3232 1125 3303 diffitentur
1140 3261 1251 3305 omnes
1266 3241 1410 3328 turpitu..

226 3363 484 3445 dinem,·multis
505 3365 608 3433 modis
631 3367 689 3455 ipsi
707 3347 798 3435 'ultro
820 3361 1008 3453 arguebant3
1025 3363 1203 3453 dequibus
1225 3388 1330 3431 unum
1353 3367 1407 3430 in·

216 3490 361 3583 'dicaho2
381 3497 537 3583 quoniam
557 3520 608 3562 me
632 3495 728 3561 ducet
751 3517 817 3584 quo
840 3492 969 3565 dudum
990 3517 1140 3584 propero.
1161 3496 1287 3583 Nempe
1301 3496 1408 3559 omnia

213 3630 399 3709 ¹personant
421 3621 574 3691 laudibus
599 3625 759 3704 maiorum
780 3638 812 3687 et
832 3623 1046 3712 antiquitatis:
1073 3620 1233 3712 quidquid
1256 3638 1304 3687 est
1322 3623 1408 3687 anti-

227 3771 332 3839 quum
354 3750 556 3838 praeclarum
576 3768 608 3821 et
623 3752 776 3831 eximium
789 3748 946 3830 habear.
961 3749 1099 3833 Sordent
1116 3770 1201 3813 nova
1220 3746 1262 3813 ad
1282 3747 1363 3815 baec
1377 3766 1410 3816 et

228 3877 340 3952 iacent.
371 3876 483 3945 Sermo
504 3880 668 3960 Graecum
688 3881 724 3944 in-
746 3902 813 3967 quo
834 3880 1009 3969 ,estimago
1031 3894 1215 3966 temporum
1231 3894 1265 3959 et
1279 3899 1409 3958 meroni

227 4001 316 4074 velut
338 4005 371 4070 in
395 4006 533 4094 speculo¹
547 4031 704 4096 expressa,
728 4007 844 4095 passim
865 4006 928 4074 hoc
950 4005 1059 4085 docet:
1081 4006 1218 4096 ἀρχαίως
1237 4004 1314 4071 olim
1332 4027 1409 4071 cum

227 4144 390 4222 contemtu
413 4129 587 4219 dicebatur,
611 4148 864 4215 contemnuntur
883 4132 926 4209 ad
944 4131 1076 4222 ἀρχαῖα,
1095 4131 1234 4226 absona,
1253 4132 1409 4210 absurda,

168 4282 173 4301 ¹
225 4259 333 4346 inepta
354 4274 438 4323 sunt:
462 4281 548 4326 nova
569 4262 677 4325 omnia
698 4276 775 4342 sunt
796 4261 831 4325 in
852 4258 985 4335 honore.
1012 4257 1054 4337 aia
1071 4261 1163 4337 citabo
1178 4259 1218 4329 ro*
1230 4255 1347 4331 notarri
1362 4260 1411 4328 To*

224 4381 408 4477 atilaed‘rlv
423 4384 537 4473 Κρόνος
550 4395 659 4475 ,ἅρχων
674 4387 758 4470 Νέης
774 4390 792 4456 ὁ
812 4387 889 4467 Zetis
907 4361 1058 4473 sacratos
1080 4406 1190 4475 quum
1202 4385 1330 4450 canitur
1344 4401 1409 4451 tnta

225 4515 345 4583 theatra
360 4514 571 4606 applaudunt.
1331 4536 1334 4541 '
