3060 5302
231 373 272 434 tt
538 391 577 435 ns
600 387 801 436 smermrtru
824 387 936 432 eumer
959 387 1111 432 snuuoms

229 574 349 648 pantur
367 558 477 638 verba,
504 557 671 636 dictiones,
702 556 961 644 compositionem
984 557 1152 632 erationis,
1183 552 1412 644 conglutinant

228 703 360 766 emant,
383 684 566 751 cumulant:
590 683 673 750 nihil
696 700 825 749 tantum
847 685 907 748 erit
929 682 1019 773 quod
1039 684 1223 747 Romanum
1244 682 1413 772 ingenium

228 817 339 904 spiret,
362 814 452 905 quod
480 811 594 879 referat
626 811 766 877 colorem
788 834 862 877 vere
888 812 1059 892 Latinum,
1081 810 1170 901 quod
1194 826 1311 876 natum
1341 834 1412 875 non

227 942 358 1008 factum*
370 943 526 1009 videatur.
547 938 717 1009 vocabula
728 939 843 1004 Latina
853 956 942 1019 sunt,
962 941 1089 1008 animus
1106 955 1139 1005 et
1152 960 1241 1004 mens
1258 937 1410 1005 aliunde:

227 1087 269 1135 ut·
283 1047 504 1161 peregrini'ab
532 1067 799 1135 civibus-etiamsi
815 1083 920 1146 veste,
942 1061 1078 1148 habitu,
1094 1083 1219 1132 ornatu·
1236 1065 1319 1131 nibil
1340 1066 1412 1132 dis-

227 1195 377 1288 crepant,
412 1214 518 1263 tamen
546 1194 671 1263 levibus
701 1197 757 1262 sed
783 1196 873 1260 certis
892 1195 1017 1261 indiciis
1036 1197 1144 1261 statim
1165 1196 1411 1288 dignoscuntur.

227 1326 324 1409 Quod
344 1340 451 1389 autem
468 1322 614 1389 dicebam
631 1321 755 1388 facilius
770 1345 834 1388 esse
859 1322 948 1413 quod
970 1346 1029 1387 nos
1045 1321 1179 1388 facimus
1198 1344 1312 1412 operae
1333 1315 1411 1410 pre-

227 1455 310 1517 tium
333 1469 379 1518 est
402 1447 511 1541 paucis
539 1449 706 1541 explicare.
736 1450 818 1516 ¹Nos
846 1452 932 1515 enim
962 1448 1019 1514 illa
1052 1451 1169 1541 ingenii
1197 1463 1410 1514 monumenta

182 1567 184 1572 ’
226 1581 381 1646 imitatam
398 1579 578 1662 referimus,
602 1603 685 1672 quae
708 1594 852 1642 accurate
877 1574 1101 1666 intelligimus,
1123 1577 1157 1640 in
1182 1573 1409 1666 quibusnihil

225 1707 389 1773 ferme-est
407 1709 499 1771 cuius
521 1730 588 1772 non
609 1706 761 1787 formam,
784 1705 1060 1793 compositionem,
1082 1702 1280 1795 significandi
1301 1718 1408 1792 potes-

225 1850 323 1899 tatem
342 1848 427 1898 certo
448 1849 611 1899 teneamus
627 1850 671 1899 et
688 1833 864 1930 habeamus
881 1833 915 1894 in
937 1847 1078 1919 promtu.
1123 1832 1172 1895 Ea
1196 1846 1325 1896 tantum
1345 1846 1409 1896 nei

227 1963 349 2052 getium
370 1961 544 2041 facessunt,
568 1960 626 2026 ubi
656 1960 798 2027 lectionis
822 1957 1005 2048 corruptela
1030 1958 1217 2025 ludificatur
1246 1959 1409 2050 legentem

225 2089 279 2155 vel
302 2091 497 2179 antiquitatis
517 2091 596 2153 ratio
620 2103 651 2154 et
667 2090 750 2154 vitae
771 2089 979 2176 antiquorum
1000 2111 1067 2152 non
1093 2089 1165 2153 satis
1184 2090 1223 2153 sit
1249 2089 1407 2180 expedita.

227 2193 267 2281 ln
288 2216 416 2282 Graecis
437 2213 650 2307 intelligendis
678 2231 709 2280 et
738 2215 852 2280 deinde
872 2215 1031 2280 imitandis
1055 2214 1211 2282 difficilius
1236 2235 1282 2284 est
1307 2241 1409 2310 nego-

227 2344 321 2422 tium,
341 2343 474 2408 varietas
495 2357 532 2406 et·
544 2344 634 2432 eopia
653 2343 687 2406 in
708 2339 941 2407 vocabulorum
960 2341 1069 2407 formis
1089 2359 1120 2408 et
1136 2345 1408 2433 compositionoet

226 2470 456 2561 significatione
480 2465 574 2535 tanta»
588 2487 652 2552 est,
673 2488 710 2535 ut
728 2494 823 2535 nemo
842 2493 1000 2559 umquam
1018 2471 1125 2534 omnia
1143 2474 1408 2558 potueritmente

227 2599 412 2690 complecti,
433 2623 500 2666 non
520 2602 590 2666 dico
618 2601 804 2692 aequalium
823 2619 1006 2668 nostrorum
1026 2604 1082 2669 sed
1097 2607 1240 2694 ipsorum
1264 2604 1408 2670 Graeco-

227 2752 312 2809 rum,
335 2730 392 2818 qui
407 2702 658 2794 Grammaticam
675 2747 706 2795 et
725 2727 875 2795 Criticam
896 2746 997 2795 artem
1014 2753 1091 2795 cum
1108 2729 1280 2796 immortali
1305 2730 1409 2822 gloria
1451 2817 1453 2820 Ι

223 2856 450 2922 excoluerunt.
474 2858 514 2922 In
532 2858 662 2923 historia
680 2859 748 2948 ipsa
770 2859 968 2924 Graecorum
986 2882 1077 2947 saepe
1091 2861 1179 2924 cerni
1197 2875 1301 2948 potest
1321 2881 1406 2948 quo-

227 2984 339 3074 tuplex
364 2986 403 3049 sit
424 2987 605 3075 antiquitas,
619 3010 697 3051 nam
720 3011 821 3076 pauca
840 2985 966 3052 saecula
987 2984 1089 3053 facere
1110 3009 1201 3076 saepe
1221 2985 1324 3052 solent
1345 3008 1406 3051 an-

226 3114 416 3202 tiquitatem.
462 3114 575 3196 Quum
593 3113 794 3204 Chrysippus
816 3116 856 3180 de
876 3117 995 3204 optima
1015 3118 1137 3182 ratione
1157 3113 1407 3206 philosophandi

227 3240 415 3337 Apollinem
440 3241 636 3310 consuleret·
651 3266 839 3332 responsum
870 3242 943 3309 tulit
974 3260 1012 3308 ut
1046 3244 1194 3334 antiquos
1217 3244 1406 3309 imitaretur.

227 3371 476 3460 Xenophontem
499 3388 530 3437 et
560 3370 727 3436 Platonem
750 3371 891 3438 lectitare
907 3373 1019 3461 coepit.
1044 3369 1291 3461 UtChrysippo
1314 3368 1407 3435 Plato

226 3515 272 3563 est
289 3499 464 3563 admodum
483 3499 628 3585 ἀρχαῖος,
648 3499 691 3563 sie
703 3497 902 3589 Chrysippus
914 3515 985 3588 post
995 3497 1119 3590 aliquot
1131 3496 1258 3564 saecula
1277 3501 1312 3563 in
1329 3521 1407 3588 per-

132 3693 139 3708 ,
225 3628 357 3692 vetustis
383 3624 589 3715 scriptoribus
621 3623 801 3690 habebatur
830 3625 871 3691 ab
897 3627 951 3707 iis,
972 3627 1030 3716 qui
1054 3644 1125 3715 post
1148 3626 1238 3691 idem
1254 3629 1408 3715 temporis

227 3753 365 3842 spatium
382 3754 492 3820 eadem
511 3755 686 3820 reverentia
706 3752 746 3818 ab
769 3753 836 3820 aliis
850 3755 1120 3843 suspiciebamus:
1133 3754 1177 3818 sie
1188 3751 1297 3817 autem
1308 3752 1408 3820 fiebat

226 3896 265 3944 ut
284 3881 401 3944 sensim
419 3882 528 3946 minus
546 3879 799 3972 intelligerentur
816 3898 853 3947 et
878 3880 1068 3947 difficiliores
1087 3850 1292 3962 viderentur,
1316 3881 1407 3971 quod

225 4009 496 4082 nummariam
514 4032 615 4074 unam
629 4007 821 4099 farraginem
849 4012 1050 4076 coniicientes
1073 4006 1168 4074 multi
1190 4029 1259 4072 non
1293 4009 1404 4072 adme-

226 4132 306 4197 dum
327 4134 596 4201 animadvertunt.
635 4135 726 4217 Quae
747 4135 849 4229 nobis
872 4160 962 4203 nunc
979 4134 1170 4227 ‘legentibus
1185 4150 1225 4221 et
1245 4135 1402 4220 interpre-

225 4259 368 4324 tantibus
398 4259 557 4327 facessunt
579 4259 720 4326 multum
748 4265 866 4355 negotii
895 4287 1003 4354 neque
1030 4262 1073 4328 ab
1103 4259 1290 4352 aequalibus
1311 4252 1403 4320 com-

226 4386 320 4452 mode
337 4383 610 4479 intelligebantur,
620 4386 724 4453 multo
743 4391 850 4455 minus
867 4407 938 4479 post
960 4390 1083 4482 aliquot
1104 4406 1217 4455 aetates
1231 4402 1261 4452 et
1276 4384 1405 4450 saecula
1438 4397 1440 4404 '

226 4491 304 4580 adeo
333 4516 405 4580 satis
425 4513 531 4597 faciles
561 4514 735 4605 explicatus
754 4517 928 4584 habebant.
974 4519 1121 4586 Multum
1138 4517 1243 4597 abest,
1266 4533 1304 4582 ut
1320 4516 1406 4581 Tra-
