3060 5302
689 238 721 275 ν’

193 377 211 440 t
470 419 471 423 =
506 396 545 439 os
566 394 722 441 ouarrore
745 393 934 440 turtrlttttt
957 395 1075 441 aulaea

192 561 302 626 eadem
328 562 439 651 ueteris
464 570 591 650 poe'seos
614 558 734 651 sylloge
762 575 903 642 exstent,
929 585 997 626 non
1017 564 1090 628 satis
1124 563 1367 656 intelligebant,

108 698 110 710 '
192 686 274 753 male
295 687 451 754 intellecta
475 686 703 757 imitabantur:
732 685 809 753 hinc
829 684 918 754 labes
945 704 977 752 et
998 688 1178 778 corruptela
1201 694 1366 773 sermonis,

191 837 288 903 quem
311 825 374 914 arti
399 800 510 880 etalem
522 814 680 893 dicemus,
700 814 842 901 primum
860 829 929 881 orta
947 830 1002 880 est
1036 815 1116 881 Dete
1138 817 1219 882 mthi
1242 817 1366 907 paulis·-

179 944 249 1033 ¹per
273 925 354 1024 lioe,
380 943 469 1035 quod
492 937 568 1007 mois
600 940 854 1008 demonstratum
884 940 982 1009 dabo:
1006 936 1207 1034 ridereque
1240 966 1367 1034 serpm

164 1071 251 1138 'boc
276 1068 400 1137 malurn
423 1069 580 1136 debuerit.
619 1067 720 1147 Iouici
739 1069 939 1139 cinerata
966 1069 1033 1173 ipsa
1046 1055 1149 1135 »Ionia
1181 1073 1366 1137 uaecuu'unt

189 1223 226 1264 ac
244 1197 384 1290 titubant
400 1199 435 1262 in
453 1213 597 1264 veterum
613 1211 723 1260 vatum
742 1193 936 1261 carminibus
949 1193 1152 1284 explicandis,
1167 1199 1203 1262 in
1223 1170 1366 1288 quomiu

188 1326 363 1389 imitatione
396 1322 457 1389 sibi
480 1323 598 1388 omnia
612 1337 696 1387 sunt.
744 1322 834 1403 Quae
855 1318 993 1385 olimin
1013 1320 1135 1388 bonore
1158 1322 1287 1389 fuerant
1303 1349 1365 1417 νᾳ-

188 1449 305 1516 cabula
323 1450 516 1516 ceciderant:
548 1471 634 1539 qnae
653 1450 771 1538 cuique
794 1445 872 1514 olim
892 1445 990 1513 fuerit
1006 1448 1148 1516 subiecta
1168 1451 1275 1533 notio,
1292 1474 1365 1518 eam

188 1595 305 1645 temere
331 1602 391 1668 pro
411 1602 444 1644 se
470 1579 607 1668 quisque
636 1599 674 1641 ex
702 1576 822 1664 paucis
836 1573 1032 1663 quibusdam
1049 1570 1135 1642 locis'
1155 1579 1365 1668 antiquorum

106 1741 107 1744 ¹
187 1708 280 1772 eruit
323 1707 440 1772 Iisdem
466 1703 548 1770 male
577 1701 743 1770 intellectis
765 1704 801 1767 in
824 1704 915 1768 novis
946 1702 1142 1770 carminibus
1170 1703 1364 1781 abutuntur,

145 1846 157 1914 ,’
184 1831 395 1923 Antiquitatis
424 1835 585 1913 maiestas,
608 1845 695 1921 quae¹
717 1825 1054 1896 venata-omnibus
1079 1829 1303 1911 summafuit,
1324 1849 1364 1895 ut

186 1982 269 2048 quae
294 1957 381 2048 plebi
411 1983 477 2024 non
510 1983 599 2025 secus
623 1974 720 2048 atque
742 1957 841 2023 doctis
861 1955 1004 2044 proxime
1022 1957 1069 2039 ad
1096 1956 1172 2023 deos
1192 1957 1365 2026 ridebatur

186 2086 349 2167 accedere,
373 2085 471 2151 officit
492 2087 611 2150 iudicio
644 2083 770 2174 populi:
805 2101 935 2173 stupent
954 2086 988 2148 in
1009 2083 1145 2150 obscura
1167 2074 1308 2175 quadam
1330 2103 1364 2151 et

185 2237 300 2299 aroana
321 2212 467 2279 dictionis
494 2213 606 2294 forma,
631 2210 751 2276 labitur
777 2212 897 2276 interea
921 2235 960 2276 ac
986 2213 1069 2299 perit
1097 2213 1192 2300 prisci
1216 2234 1253 2276 ac
1267 2214 1381 2311 patrii⁴

186 2341 340 2408 sermonis
360 2342 474 2406 veritus
495 2357 527 2445 et
546 2341 621 2405 vitu.
650 2339 693 2404 Et
711 2339 801 2402 initio
818 2337 952 2427 quidem
972 2338 1085 2427 exigm
1099 2335 1185 2403 labes
1199 2353 1255 2416 est,
1276 2339 1364 2429 viget

78 2511 80 2515 -
183 2466 343 2556 floretque
361 2469 395 2532 in
408 2491 465 2533 ore
481 2466 568 2561 vulgi
580 2490 656 2532 sana
669 2491 706 2532 ac
719 2465 827 2532 lucida
840 2464 950 2558 lingua
965 2468 1060 2548 avita,
1074 2469 1165 2532 cuius
1172 2466 1362 2556 particulam

183 2567 310 2659 tantuin
327 2593 422 2685 longa
441 2595 505 2660 dies
519 2593 687 2674 deleverat,
707 2591 862 2681 paulatim
879 2591 974 2682 plura
988 2611 1106 2675 ruunt,
1124 2592 1225 2660 aliena
1237 2597 1361 2661 immis-

182 2738 306 2803 centur,
314 2721 667 2793 admiscenturdiversa
675 2722 812 2785 Imitatio
822 2738 976 2802 veterum,
987 2745 1070 2811 quae
1081 2723 1115 2785 in
1125 2721 1361 2811 antiquioribus

182 2871 249 2912 non
264 2850 331 2914 sine
346 2849 443 2915 divite
457 2873 540 2916 vona
550 2847 646 2914 fiebat
660 2847 703 2912 ab
714 2849 750 2913 iis
764 2848 821 2936 qui
834 2847 874 2911 ad
885 2819 1164 2913 'similemleudem
1174 2850 1302 2939 ingenio
1312 2848 1360 2915 fe-

182 2973 345 3054 rebantur,
368 2975 486 3041 recedit
515 2977 550 3039 in
573 2973 643 3040 illos
665 2975 826 3056 homines,
847 2976 905 3063 qui
925 2975 1052 3065 ingenio
1071 2974 1136 3040 fere
1153 2976 1293 3041 destituti
1311 2975 1360 3041 nil

180 3101 241 3166 niei
258 3098 444 3166 fabularum
465 3118 610 3166 veterum
629 3103 741 3168 seriem
760 3101 945 3190 panderent·
958 3102 1156 3184 hexametris,
1170 3100 1359 3182 laciniisve

180 3245 285 3294 terum
308 3245 340 3293 et
375 3227 565 3293 centonibus
595 3230 743 3319 undique
774 3231 808 3295 in
843 3252 948 3296 unum
973 3227 1103 3295 collatis.
1144 3231 1290 3296 Pendent
1315 3230 1359 3296 ab

170 3345 330 3436 ¹Homero,
351 3373 407 3420 aut
425 3379 633 3446 quocumque
657 3357 786 3423 tandem
804 3359 934 3422 nornine
956 3355 1166 3445 appellandus
1182 3338 1233 3422 ¹est
1254 3360 1280 3422 is
1298 3382 1357 3424 va-

114 3515 117 3521 ·
179 3499 224 3546 tes
252 3459 517 3569 praeclarissimus
543 3485 596 3549 cui
622 3508 737 3576 magna
760 3509 832 3575 pars
850 3482 957 3548 Iliadis
980 3482 1124 3565 debetur,
1142 3483 1184 3549 ab
1202 3508 1239 3550 eo
1259 3485 1358 3576 igitur

173 3611 322 3698 ‘pendent
338 3612 451 3675 caeteri
471 3593 558 3675 tates
579 3611 692 3691 Ionici,
709 3612 766 3700 qui
778 3609 900 3700 reliqua
912 3609 1133 3677 adtexuerunt:
1145 3612 1287 3700 pendent
1299 3614 1356 3700 qui

178 3736 236 3800 diu
256 3752 375 3824 postea,
394 3736 449 3800 sed
477 3737 511 3801 in
539 3735 639 3800 libera
665 3736 814 3819 Graecia,
842 3739 876 3803 in
892 3738 1001 3803 Ionica
1020 3737 1178 3829 plerique,
1200 3755 1355 3828 perpetuo

178 3864 319 3929 carmine
341 3879 477 3929 caeteros
496 3853 619 3941 μύθους
639 3865 803 3930 civitatum
823 3881 855 3930 et
874 3863 1052 3933 insularum
1072 3866 1255 3933 Ionicarum
1271 3890 1356 3956 pan-

177 4009 306 4095 xemnt,
318 3992 463 4080 pendent
472 3990 514 4055 ab
528 3991 578 4055 his
586 3990 736 4056 omnibus
745 3990 854 4070 Attici,
862 3994 921 4081 qui
929 3991 1088 4058 heroicam
1100 4010 1233 4060 aetatem
1244 3993 1354 4084 lingua

176 4118 302 4184 heroica
320 4117 522 4183 conabantur
540 4116 666 4198 referre,
684 4119 719 4181 in
741 4117 860 4208 quibus
880 4118 1034 4205 ‘omnibus
1059 4120 1139 4187 adeo
1155 4144 1224 4187 non
1240 4125 1352 4184 veritus
1388 4203 1394 4209 .,

176 4245 290 4311 Graeci
313 4247 464 4310 sermonis
488 4262 634 4334 apparet,
667 4246 721 4339 sed
746 4222 914 4332 artificiale
930 4247 1061 4312 *dicendi
1076 4267 1262 4336 geaneruen
1280 4265 1352 4308 om-

171 4375 250 4439 nine
276 4373 318 4437 ab
348 4372 509 4438 erroribus
533 4374 677 4439 immune
697 4375 732 4438 in
750 4389 843 4443 tanta
868 4371 1015 4438 facilitate
1035 4373 1161 4442 errandi
1174 4387 1210 4439 et
1234 4359 1348 4450 venia,

124 4568 125 4572 ,
195 4526 277 4567 uum
300 4525 394 4566 nemo
427 4524 512 4565 unus
540 4502 678 4580 viveret,
708 4502 764 4590 qui
794 4502 826 4567 in
850 4500 911 4565 boo
932 4523 1047 4591 genere
1071 4503 1202 4569 caeteris
1227 4502 1351 4567 acutius
