3060 5302
243 379 264 441 4
545 396 585 441 ns
607 394 806 441 succurrere
828 395 941 442 euenor
964 395 1117 442 ssuuours

240 564 475 636 Buttmannum
498 560 586 644 dico,
610 563 667 652 qui
693 560 785 649 facile
806 558 1006 652 reliquorum
1026 565 1173 628 omnium
1193 585 1309 654 agmen
1331 564 1422 636 ducit

239 707 272 758 et
282 707 320 757 ut
330 689 514 756 obscuravit
531 704 651 756 veteres
658 690 703 755 sic
721 708 817 754 nemo
835 690 942 757 adhuc
953 689 1001 756 illi
1020 691 1219 772 eruditionis,
1231 689 1424 783 diligentiae,

239 815 396 884 acuminis
415 808 556 901 palmam
575 813 681 900 potuit
692 809 795 877 facere
815 810 968 894 dubiam,
990 837 1096 903 quum
1115 812 1210 880 multi
1229 816 1332 883 multa
1350 843 1424 908 pas-

238 948 298 1013 sim
312 944 504 1025 moliantur,
527 943 583 1009 sed
607 941 693 1007 illius
711 956 743 1007 et
760 939 897 1007 aliorum
911 941 1019 1032 spoliis
1038 968 1147 1034 graves
1178 961 1209 1010 et
1231 971 1298 1012 non
1330 950 1423 1039 inge-

238 1077 305 1145 nita
331 1075 447 1141 mentis
475 1070 614 1139 sollertia
639 1073 673 1137 in
693 1072 801 1161 ipsum
818 1070 934 1136 Graeci
954 1073 1109 1137 sermonis
1128 1073 1294 1165 ingenium
1322 1091 1424 1139 natu-

190 1214 193 1221 ’
238 1226 373 1292 rumque
401 1203 556 1293 progressi
589 1200 644 1266 sed
675 1199 852 1269 adventicia
877 1192 1019 1289 quadam
1049 1216 1116 1266 arte
1146 1168 1229 1291 (puae
1263 1200 1424 1268 subtiliter

238 1346 413 1421 repertast
437 1346 510 1419 apte
530 1330 679 1418 disposita
698 1330 733 1393 in
753 1351 787 1398 re
809 1330 1013 1419 grammatica
1032 1331 1271 1395 nuncmaximc
1290 1330 1423 1418 probari

237 1459 342 1530 solent
359 1458 401 1524 ad
422 1457 559 1525 Graecas
581 1455 687 1522 literas
715 1456 1004 1537 accommodantes,
1028 1479 1103 1520 mox
1122 1457 1148 1520 si
1175 1480 1223 1522 res
1245 1458 1289 1522 ita
1313 1457 1424 1524 tulerit

219 1586 482 1654 adsensionem
508 1582 679 1673 literasque
707 1583 929 1650 diversissimas
951 1582 1231 1648 accommodaturi.
1283 1584 1352 1651 Nae
1373 1584 1422 1650 illi

196 1769 198 1775 .
237 1740 306 1783 non
331 1712 518 1808 intelligunt
545 1712 626 1803 quid
652 1714 690 1777 sit
721 1710 843 1778 Graece
864 1713 960 1794 scire,
983 1711 1065 1800 quid
1087 1713 1127 1775 sit
1146 1710 1318 1794 Graecum,
1341 1715 1423 1803 quid

237 1868 306 1915 non
330 1846 388 1926 sit,
412 1842 494 1933 quid
519 1838 726 1931 probandum
748 1840 860 1920 unice,
882 1838 965 1928 quid
984 1863 1060 1903 cum
1080 1854 1245 1904 contemtu
1266 1839 1422 1906 abiicien-

238 1971 333 2050 dum3
346 1987 487 2036 utuntur
508 1969 624 2058 paratis
643 1966 778 2056 opibus,
800 1982 839 2030 ut
859 1964 920 2034 sibi
937 1965 1070 2055 quidem
1087 1967 1250 2052 videntur,
1261 1987 1357 2060 atque
1377 1974 1422 2036 ita

237 2099 386 2189 quidem,
408 2114 447 2164 ut
465 2114 595 2189 regatur
607 2096 713 2185 potius
730 2093 862 2160 illorum
870 2118 990 2160 mensa
1002 2097 1158 2184 praesenti
1175 2100 1321 2181 materia,
1336 2123 1421 2190 quae

237 2226 366 2293 videtur
385 2224 531 2306 urbesse,
546 2248 648 2315 quam
664 2241 769 2316 regat,
786 2225 970 2312 arripientes
991 2225 1155 2315 quidquid
1172 2225 1319 2293 alicunde
1335 2226 1421 2292 obii-

239 2355 338 2419 citur:
361 2354 471 2418 omnia
489 2353 637 2443 undique
661 2374 786 2416 corrasa
809 2352 974 2442 egregium
998 2376 1095 2418 usum
1123 2353 1275 2420 videntur
1300 2352 1422 2421 habere

236 2480 389 2546 modoad
408 2480 570 2572 augendas
589 2477 814 2546 incredibilem
836 2480 871 2544 in
890 2479 1027 2546 medum
1048 2482 1154 2569 copias
1172 2481 1417 2562 Grammaticas‚
1516 2484 1519 2489 ’

236 2609 333 2674 modo
365 2609 407 2674 ad
433 2602 653 2674 confirmanda
685 2609 833 2688 inventa,
866 2604 1000 2696 placita,
1028 2607 1172 2688 decreta,
1208 2633 1322 2675 arcana
1353 2608 1419 2675 fere

236 2736 432 2817 addiderim,
454 2733 672 2802 Grammatica
690 2755 796 2798 omne
821 2755 933 2823 genus.
978 2731 1188 2799 Obscuriores
1210 2738 1355 2801 omittere
1376 2735 1418 2800 li-

236 2880 321 2930 ceat:
335 2886 338 2891 ·
351 2881 391 2928 ut
415 2861 481 2928 lere
511 2859 595 2926 nihil
619 2858 756 2948 prosunt
785 2861 830 2924 sic
855 2884 1029 2949 perparum
1054 2857 1193 2924 afferunt
1219 2861 1417 2929 detrimenti:

235 2994 352 3058 vivunt
373 2992 408 3054 in
425 2989 528 3068 diem,
552 2986 636 3055 liber
659 2985 743 3071 libro
767 2987 928 3067 truditur,
958 3004 996 3052 ut
1022 2986 1103 3054 alius
1121 3006 1167 3055 est
1190 3013 1228 3055 ex
1253 2989 1314 3055 alio
1332 2991 1416 3056 sacili

235 3119 363 3211 negotio
378 3134 489 3182 natus:
511 3114 567 3185 sed
587 3114 699 3181 heroes
720 3114 878 3205 quosdam
897 3137 963 3180 esse
979 3116 1092 3199 video,
1114 3142 1256 3206 quorum
1278 3124 1417 3186 auctori·
1456 3119 1458 3123 ⁸

236 3267 283 3314 tas
299 3248 446 3314 maximis
469 3246 589 3311 meritis
617 3262 708 3334 parta
728 3241 899 3333 splendore
919 3270 978 3312 suo
997 3251 1227 3341 praestringere
1247 3248 1417 3315 oculorum

236 3379 336 3443 aciem
352 3392 386 3442 et
408 3391 512 3464 potest
531 3390 563 3439 et
583 3371 679 3454 solet,
711 3374 768 3462 qui
800 3372 969 3465 caliginem
994 3401 1031 3442 ac
1057 3377 1203 3444 tenebras
1223 3394 1328 3442 tractu
1347 3400 1415 3440 sae-

237 3487 387 3570 culorum
402 3503 551 3591 undique
566 3502 772 3590 constipatam,
790 3526 895 3591 quum
908 3503 1088 3570 eruditione
1104 3505 1206 3594 sagaci
1220 3519 1252 3567 et
1264 3501 1414 3589 prudenti

236 3631 401 3721 dispellere
420 3647 453 3696 et
474 3630 631 3696 discutere
652 3627 854 3710 debuissent,
877 3631 983 3695 nescio
1003 3654 1069 3720 quo
1093 3629 1202 3695 iudicii
1219 3650 1324 3693 errore
1343 3652 1414 3692 ma-

235 3758 370 3826 luertmt
382 3758 562 3853 emditione
583 3781 677 3824 caeca
697 3774 729 3823 et
749 3759 860 3823 insana
882 3783 998 3851 augere
1017 3775 1050 3824 et
1067 3758 1276 3834 condensare3
1295 3757 1413 3822 horum

235 3910 294 3978 ego
313 3887 492 3976 principem
514 3910 600 3976 pono
622 3884 952 3966 Lobeclsiirm,-cuius
974 3885 1110 3951 eruditio
1131 3885 1303 3973 stupende,
1327 3885 1416 3974 quod

234 4013 355 4080 nomen
373 4012 518 4080 consulto
543 4030 576 4081 et
592 4013 784 4079 meditatum
798 4035 926 4101 appono
932 4011 951 4093 ,'
964 4014 989 4078 si
1005 4013 1086 4103 quid
1102 4029 1151 4079 est
1170 4015 1205 4078 iu
1223 4037 1275 4078 me
1290 4014 1412 4094 iudicii,

234 4141 329 4209 bouis
357 4143 471 4212 Literis
498 4159 626 4208 tanturn
656 4139 763 4207 attulit
782 4140 998 4229 detrimenti,
1021 4157 1183 4231 quantum
1216 4141 1269 4205 vix
1292 4157 1413 4205 caetera

233 4272 295 4348 riri
312 4272 419 4337 eximii
438 4269 526 4335 hona
546 4269 700 4336 redimere
718 4284 749 4335 et
767 4293 972 4359 compensare
987 4287 1141 4361 potenmt
1162 4251 1331 4360 uinquam.
1350 4269 1412 4332 Le-

234 4415 288 4491 gat
310 4398 392 4464 mihi
427 4396 542 4488 aliquis
578 4395 630 4479 vel
663 4397 847 4464 recordetur
882 4423 981 4488 quam
1020 4401 1188 4466 immensas
1228 4397 1413 4463 eruditionis

234 4550 310 4616 opes
339 4527 563 4615 expromserit,
592 4548 659 4591 nou
688 4526 759 4592 dico
787 4528 821 4592 in
846 4551 979 4618 magnae
1008 4527 1101 4595 molis
1120 4526 1347 4594 commentario
1371 4522 1412 4588 ad
