3060 5302
178 374 197 436 8
559 391 599 435 or
622 388 833 437 sucrontrtro
855 390 894 434 or
916 388 974 436 oso

177 571 307 644 spectas.
332 559 438 642 Quam
450 559 513 623 cito
521 557 633 624 cadere
648 557 771 646 possint
782 581 866 648 quae
879 550 957 624 olim
970 557 1100 625 fuerant
1113 561 1148 625 in
1162 558 1285 625 honore
1300 566 1364 626 vo&

178 683 308 767 cabula,
331 708 431 775 quam
453 707 582 773 prorsus
594 685 733 775 ignorari
747 682 843 749 etalii
860 683 955 750 multi
972 684 1034 751 loci
1053 702 1086 750 et
1101 708 1188 751 unus
1205 685 1360 775 perlocu-

178 812 284 879 lentus
301 813 389 904 apud
400 813 529 904 Lysiam
543 813 655 879 docere
672 815 780 903 possit,
800 812 859 889 ulti
875 815 984 906 Lysias
997 816 1225 904 interpretatur
1243 816 1362 896 verba,

178 940 300 1032 quibus
316 941 416 1008 Solon
439 959 518 1007 esset
538 943 573 1007 in
592 939 718 1034 legibus
739 966 827 1023 usus,
847 966 931 1033 quae
946 941 1045 1008 verba
1064 966 1159 1008 nemo
1179 943 1218 1008 de
1236 941 1364 1032 populo

178 1067 384 1161 intelligebat:
397 1069 481 1136 daho
496 1094 609 1159 pauca.
632 1069 690 1136 Est
706 1073 740 1135 in
755 1067 830 1162 loge·
842 1069 990 1138 δεδέσθαι
1006 1073 1041 1138 ἒν
1052 1075 1095 1162 τῇ
1104 1073 1286 1164 ποδοκάκκῃ,
1297 1067 1364 1140 τόδ’

177 1200 239 1272 ἒςιν
247 1249 258 1278 ,
278 1190 427 1288 inquit,‹‘i
445 1203 500 1264 νῦν
519 1204 651 1265 καλεῖται
670 1201 705 1266 ἒν
721 1198 768 1289 τῷ
785 1192 867 1288 ξάλῳ
883 1195 1046 1278 δεδέσθαι,
1058 1196 1173 1263 deinde
1186 1201 1363 1288 ἐπιορκῆσαι

178 1344 224 1392 est
243 1321 363 1412 ἀμδσαι,
372 1325 550 1419 δρασκάζειν
569 1320 808 1413 ἀποδιδράσκειν,
821 1324 955 1399 ἀπίλλειν
974 1326 1148 1405 ἀποκλείειν,
1161 1311 1374 1413 ιιιφασμίνσιςΙ

178 1471 225 1521 est
243 1465 396 1548 φανερῶς,
415 1462 572 1525 πολεῖσθαι
591 1457 638 1519 est
656 1454 806 1538 βαδίζειν,
825 1450 860 1520 ιδ
879 1453 915 1517 δὲ
935 1449 1239 1540 οἰκῆος-θεράποντας.
1269 1451 1364 1518 Nihil

178 1586 276 1675 igitur
297 1587 460 1675 antiquius
477 1579 620 1648 habuere
639 1578 846 1646 Grammatici
865 1552 967 1667 quam
981 1578 1103 1667 scriptis
1126 1582 1363 1646 commentariis

178 1728 234 1776 aut
255 1710 362 1780 lexicis
391 1709 592 1778 difficultates
618 1707 771 1774 sermonis
803 1704 992 1795 antiquioris
1019 1702 1189 1773 illustrare.
1242 1709 1363 1799 Ingens

178 1838 255 1905 olim
271 1840 458 1906 huiusmodi
476 1837 636 1904 librorum
655 1851 722 1902 orat
744 1833 850 1923 copia‚‘
859 1856 960 1923 quam
978 1830 1032 1896 alii
1046 1855 1086 1897 ex
1105 1831 1175 1898 aliis
1188 1852 1362 1917 auxerunt,

176 1965 420 2056 interpolanmt,
439 1978 675 2054 excerpserunt,
695 1973 940 2038 contraxerunt,
972 1957 1086 2024 deinde
1114 1961 1231 2026 iterum
1259 1986 1363 2029 auxe-

176 2110 273 2173 runt,
297 2095 384 2160 unde
405 2092 535 2159 tandem
554 2090 698 2158 exstitere
720 2086 770 2153 illi
791 2058 1121 2165 libri‘Grarnmatici⁷
1153 2089 1210 2177 qui
1233 2089 1275 2154 ad
1302 2115 1363 2158 nos

176 2234 410 2304 pervenerunt,
444 2217 483 2283 de
512 2196 654 2308 quorum
680 2213 759 2296 lide,
789 2212 975 2284 auctoritate
1006 2229 1037 2278 et
1066 2238 1128 2279 usu
1153 2216 1188 2282 in
1214 2234 1363 2285 veterum

176 2346 298 2434 scriptis
313 2340 558 2434 interpretandis
579 2342 667 2431 apud
681 2365 753 2421 voe,
765 2339 808 2406 V.
822 2340 872 2420 C„
888 2355 992 2426 pauca
1009 2338 1159 2407 disserere
1175 2344 1302 2411 animus
1315 2364 1363 2412 est

176 2489 206 2537 et
233 2488 351 2561 ponere
379 2472 538 2562 quaedam
566 2468 775 2548 fundamenta
809 2467 990 2549 doctrinae,
1020 2492 1104 2559 quae
1129 2469 1301 2540 lectionem
1330 2491 1363 2543 ot

176 2602 467 2689 interpretationem
486 2597 690 2664 classicorum
706 2593 871 2685 aliquanto
881 2589 980 2660 faciet
991 2597 1221 2685 expeditiorem
1235 2619 1267 2668 et
1281 2605 1362 2669 sim·

175 2728 354 2817 plioiorem,
374 2729 512 2794 discussa
533 2724 671 2805 nebula,
689 2746 789 2812 quam
810 2722 860 2788 isti
881 2722 1090 2790 Grammatici
1110 2743 1145 2813 et
1162 2728 1362 2797 Grammati-

175 2859 267 2923 castri
284 2854 480 2923 offuderunt.
503 2854 653 2943 Namque
670 2874 777 2917 caecos
794 2867 826 2917 et
837 2851 999 2939 imperitos
1015 2853 1112 2920 duces
1128 2875 1311 2946 sequuntur
1327 2877 1360 2926 et

176 2985 281 3049 adhuc
300 2984 399 3049 secuti
426 2996 503 3049 sunt
514 2981 578 3071 'qui
595 2980 730 3044 istorum
750 2977 813 3044 fide
833 2979 909 3043 stari
928 3002 1019 3067 posse
1042 2981 1197 3065 credunt,
1219 2984 1300 3050 mihi
1311 3009 1362 3053 ‘ex

174 3109 299 3176 assidua
320 3132 433 3174 eorum
450 3106 587 3174 lectione
610 3123 643 3172 et
663 3130 726 3173 usu
748 3129 838 3170 nunc
863 3106 936 3170 satis
956 3125 1157 3197 compertum
1176 3127 1234 3176 est:
1339 3148 1344 3160 ·

218 3216 362 3327 primum
383 3233 466 3301 nihil
488 3236 525 3300 iis
549 3234 616 3299 sine
638 3248 715 3299 teste
741 3233 955 3316 credendum,
969 3237 1086 3327 ut'qui
1109 3237 1244 3326 ineptias
1264 3230 1360 3308 omne

174 3388 275 3456 genus
297 3363 479 3431 inconsulto
495 3363 672 3451 receperint
694 3362 842 3452 undique
863 3378 895 3427 et
914 3362 1104 3453 quisquilias
1120 3366 1269 3455 pueriles.

217 3494 331 3559 deinde
348 3494 464 3582 passim
486 3515 538 3557 eos
567 3490 676 3558 vitiose
701 3489 825 3578 scriptis
852 3489 1018 3557 codicibus
1037 3490 1133 3558 fuisse
1158 3495 1193 3559 in
1210 3493 1361 3564 fraudem

173 3621 330 3686 inductos.

216 3763 287 3811 tum
302 3745 473 3837 plerosque
491 3768 600 3811 omnes
621 3765 727 3836 neque
745 3745 787 3810 ab
803 3741 921 3811 iudicio
940 3744 1082 3813 multum
1097 3772 1204 3840 neque
1222 3742 1264 3816 alr
1282 3774 1360 3819 erudr

172 3874 291 3939 ditione
314 3871 434 3939 valere:
465 3875 602 3962 speciem
626 3870 781 3960 praebere
801 3870 908 3962 plures
929 3871 1121 3942 multifariae
1137 3875 1281 3964 lectionis
1304 3879 1359 3946 sed

172 4003 303 4070 inanem
320 4016 352 4065 et
367 3997 524 4066 fallacem.
617 4047 619 4055 a

216 4127 373 4215 denique,
402 4125 491 4214 quod
519 4149 630 4192 vereor
657 4150 698 4192 ne
726 4126 872 4193 videatur
899 4117 1078 4194 absurdum
1109 4129 1165 4208 sed
1199 4154 1275 4197 mox
1298 4129 1354 4195 de-

171 4269 384 4317 monstratum
406 4252 507 4332 dabo,
531 4247 655 4343 antiqui
686 4255 838 4320 sermonis
859 4254 975 4321 Graeci
1005 4272 1071 4321 tam
1093 4255 1189 4323 fuisse
1213 4258 1354 4360 ignaros,

171 4398 209 4445 ut
239 4379 334 4445 hodie
356 4380 496 4466 tironem
524 4382 643 4470 pudeat
674 4405 710 4448 ea
740 4384 946 4464 commisisse,
971 4407 1055 4474 quae
1079 4380 1358 4476 magninominis

171 4507 401 4573 Grammaticos
425 4507 592 4598 deliquisse
611 4526 641 4574 et
667 4532 784 4575 errasse
807 4507 933 4598 liquido
955 4526 1087 4575 constat.
1161 4578 1171 4583 ,,
