3060 5302
229 400 271 464 to
608 414 649 460 nr
673 411 886 460 aroromrarn
899 412 948 458 *nr
970 411 1040 457 oso·

158 665 159 668 Ἴ
226 559 363 656 labatur.
390 589 425 653 at
451 586 552 654 vitiosi
574 601 650 650 sunt
672 584 831 653 Athenaei
855 583 988 665 codices,
1007 583 1142 672 inquies.
1166 578 1257 646 Nihil
1278 595 1324 647 est
1340 603 1406 669 quo

226 709 399 782 abscondat
412 708 526 804 caput:
539 713 603 804 agit
615 708 726 776 multis
745 702 923 777 denomino
943 707 1075 798 σκύφος,
1096 707 1173 774 alios
1185 732 1224 774 ex
1231 706 1303 772 aliis
1311 705 1408 772 affert

159 917 162 924 q
226 839 384 923 auctores,
407 841 466 906 ubi
485 835 601 926 σκύφος
613 835 767 928 legatur,
791 837 931 927 denique
956 835 1124 927 subiungit
1136 852 1139 875 ³
1150 841 1281 906 ἐκαλεῖτο
1298 837 1338 903 δὲ
1356 839 1408 902 καὶ

227 964 412 1054 Δερκυλιᾌας
430 972 543 1051 σκύφος
557 964 657 1030 ‘et'sio
680 963 791 1030 laudat
806 964 930 1055 Ephori
949 963 1068 1030 locum.
1091 962 1212 1035 Similia
1227 987 1265 1028 ex
1284 963 1408 1041 eodem,

225 1089 338 1156 similia
357 1073 396 1157 ei
422 1093 642 1182 antiquiorum
660 1090 931 1199 xainopvp'poam‘et·
945 1092 1059 1172 λέξεσιν
1079 1108 1126 1157 sat
1145 1090 1249 1156 multa
1260 1107 1411 1180 possunt

225 1209 360 1285 levitatis
376 1195 408 1285 et
424 1221 607 1313 temeritatis
626 1221 770 1308 expromi
792 1219 992 1286 documenta.
1019 1220 1222 1285 Doctissimos
1242 1242 1409 1285 common-

225 1341 320 1412 tarios
337 1346 434 1413 hodie
454 1345 609 1413 habemus
624 1348 664 1413 in'
677 1346 868 1426 Pindarum,
878 1344 1092 1435 Apollonium
1112 1345 1276 1410 Rhodium
1281 1382 1298 1428 ‚·
1314 1344 1409 1411 Aris-

226 1475 414 1563 tophanem:
437 1474 570 1540 horum³
584 1461 682 1540 ea'cst
707 1475 787 1538 ratio
803 1488 840 1537 ut
860 1472 964 1538 multa
985 1476 1083 1539 insint
1096 1488 1102 1521 ³
1111 1461 1166 1539 ab,
1182 1476 1409 1565 antiquissimis

213 1602 452 1671 manuatim·
479 1601 630 1691 prosecta¹
646 1602 702 1668 sed
727 1616 883 1681 contorta,
900 1601 1050 1683 confirsa,
1073 1602 1231 1691 permixta
1251 1619 1283 1670 et
1304 1604 1407 1669 inter-

217 1720 331 1819 palata
340 1720 599 1795 annotationibus
610 1726 719 1795 alienis
736 1727 908 1794 cuiuslibet
925 1730 1032 1794 aetatis
1046 1745 1078 1794 et
1097 1731 1200 1818 pretii.
1224 1729 1307 1794 Utar
1317 1753 1409 1795 nunc

225 1862 293 1922 urio
314 1846 460 1946 exemplo
479 1880 517 1921 ex
537 1855 759 1946 Aristophanis
774 1855 968 1942 scholiastis(
983 1857 1178 1947 Lycophron
1198 1846 1322 1947 primus
1335 1881 1408 1949 reg·

224 1975 322 2051 nante
344 1983 525 2050 Ptolemaeo
545 1956 758 2074 Philadelpho
782 1972 960 2049 comoedias
975 1982 1095 2049 Atticas
1115 1986 1343 2050 commentario
1366 1983 1410 2049 il-

224 2097 389 2189 lustravit}
403 2106 503 2201 quam
511 2108 629 2177 temere
644 2127 675 2176 et
688 2090 798 2176 inscita
813 2109 849 2175 hi
857 2109 920 2176 loci
936 2086 1117 2207 ostendent:
1129 2115 1164 2178 in
1175 2112 1290 2202 Vespis
1301 2106 1347 2179 rs.
1363 2113 1404 2176 91

224 2240 384 2306 nesciebat
411 2238 492 2330 quid
516 2253 594 2303 esset
619 2235 774 2328 παιπάλη,
798 2239 861 2304 103
882 2235 1031 2327 δορπηςός
1050 2243 1078 2304 ei
1099 2257 1152 2306 est·
1164 2230 1283 2330 apraovj
1302 2264 1419 2330 quum-

226 2354 346 2460 ponstet
359 2358 546 2458 'significare
566 2370 697 2449 δεῖπνον,
718 2366 783 2430 239
807 2368 948 2456 turpiter
963 2368 1080 2434 erravit
1101 2369 1137 2432 in
1155 2368 1261 2434 verbis
1286 2356 1409 2452 ἥψομεν

225 2504 282 2568 rori
299 2486 425 2586 {topadpe
444 2495 648 2585 impudenter
672 2496 837 2581 annotavit
856 2514 921 2560 esse
935 2517 1037 2586 genus
1056 2493 1294 2584 pisciculorum.
1326 2493 1410 2560 Satis

224 2638 346 2691 constat
364 2612 434 2691 esse
446 2647 547 2715 genus
557 2620 650 2688 oleris
667 2625 795 2715 agrestis
811 2625 846 2687 in
861 2622 1092 2713 Peloponnes03
1101 2647 1142 2689 ne
1157 2618 1319 2688 Graecum
1330 2619 1408 2712 qui-

189 2830 191 2851 *
224 2742 358 2818 demeat
377 2756 433 2824 aad
451 2747 588 2839 uopudpa,
608 2752 634 2815 si
648 2767 724 2816 sunt
741 2750 885 2841 pisciculi
895 2751 1012 2816 minuti
1025 2758 1087 2820 τῶν
1098 2723 1249 2840 κόρκόρων
1260 2749 1409 2816 debebat.

243 2914 245 2919 ·
269 2880 452 2946 Athenaeus
471 2880 546 2968 'ipse
567 2880 707 2945 traducit
732 2880 965 2946 Grammaticos
988 2881 1047 2969 qui
1076 2902 1181 2968 quum
1203 2877 1283 2967 quid
1304 2880 1409 2942 nesci-

179 3015 182 3023 '
224 3022 296 3073 rent
317 3005 515 3088 defunctorie
535 3005 735 3071 annotahant
753 2990 823 3072 esse¹
836 3008 973 3096 speeiem
991 3004 1129 3088 arboris,
1151 3004 1273 3070 herbae
1289 3028 1423 3096 genuss

223 3128 370 3225 plantam
382 3119 568 3222 quamdam,⁸
588 3135 714 3224 δένδρὸν
733 3126 835 3215 dordr,
854 3134 968 3223 βοτάνη
986 3130 1076 3214 ποιοί,
1097 3132 1192 3218 (parda
1210 3129 1299 3201 ποιόν
1318 3135 1410 3198 etsie

227 3247 350 3354 aliquid
379 3250 502 3327 dixisse¹
527 3261 730 3329 videbantur:
752 3262 816 3328 hoo
842 3264 941 3355 igitur
966 3278 1066 3354 genus
1084 3242 1213 3327 tantum
1232 3250 1406 3353 attingam:

226 3377 321 3457 etiam
343 3378 572 3457 recentissimos
590 3414 657 3456 non
679 3390 847 3473 morabor,
870 3388 969 3457 ¹facile
986 3390 1133 3456 videatur
1152 3389 1314 3454 Thomam
1333 3388 1409 3452 Ma-

226 3521 360 3611 gistrum
383 3504 550 3585 traducere
575 3536 607 3584 et
625 3518 878 3608 Moschdpulum
895 3508 999 3586 ridere
1027 3535 1059 3585 et
1076 3519 1224 3610 Gregorii
1247 3514 1403 3582 Corinthii

167 3642 177 3659 ‘
226 3633 346 3711 errores
365 3634 397 3710 et
418 3632 554 3736 ineptias
567 3647 739 3737 exagitare,
761 3646 820 3712 hos
833 3648 932 3738 igitur
952 3670 1062 3712 omnes
1086 3663 1117 3712 et
1135 3663 1270 3712 caeteros
1290 3642 1407 3710 huius·

230 3760 315 3841 modi
331 3775 563 3842 homunciones
583 3774 686 3841 infimi
702 3773 845 3842 subsellii
863 3798 914 3840 ne
925 3776 1058 3847 nomino
1079 3746 1219 3864 quidem·
1235 3787 1266 3838 et
1288 3771 1408 3861 optime

228 3904 268 3969 de
290 3901 388 3969 literis
403 3921 519 3970 actum
541 3900 613 3970 'esse
644 3901 841 3983 arbitrabor,
872 3901 932 3968 ubi
947 3905 1083 3968 istorum
1102 3898 1350 3991 scriptiunculam
1367 3899 1409 3964 ab

159 4099 161 4111 ,
228 4032 379 4098 omnibus
396 4020 497 4098 ‘erum
511 4034 739 4099 contemtae'et
758 4028 884 4096 laudari
895 4031 1024 4111 desitas,
1041 4046 1176 4120 possunt
1188 4029 1294 4094 honae
1308 4027 1411 4092 horae

224 4147 342 4228 melius
357 4156 517 4228 collooari.
540 4161 627 4227 Cum
635 4159 794 4225 'omnibus
814 4157 947 4250 reliquis
970 4159 1051 4223 mihi
1072 4181 1121 4224 res
1138 4155 1313 4248 inquibus
1332 4157 1412 4222 aino.

223 4275 425 4376 perduceret
444 4290 535 4368 λέξεις
553 4277 699 4354 ueterum
709 4284 874 4378 cuiusque
884 4283 992 4353 aetatis
1008 4280 1231 4352 additamentis
1243 4297 1366 4362 auctae,
1380 4296 1412 4345 et

227 4416 449 4482 novis'itidem
467 4418 662 4484 detrimentis
684 4403 873 4482 imminutae
894 4432 925 4481 et
948 4429 1116 4501 corruptae
1147 4388 1192 4476 ad
1211 4433 1270 4474 nos
1294 4427 1410 4497 peme-

227 4561 354 4611 nenmt.
362 4580 370 4599 κ
385 4542 479 4611 Sed
494 4530 638 4635 primum
653 4545 813 4613 'omnium
839 4541 1030 4623 nriltissvideo
1053 4534 1410 4630 diligenter-paemen-
1470 4548 1477 4556 ’
