3060 5302
175 317 215 380 te
289 372 295 383 .
465 335 504 379 or
526 334 680 382 outrtouu
701 331 890 380 innarenn
912 332 1030 378 enasor

171 502 256 568 futili
274 501 334 568 vel,
352 504 456 592 potius
483 498 575 566 nullo
597 499 805 583 fundamento
834 501 980 564 nitantur
998 494 1171 588 pleraeque
1196 498 1272 563 istae
1297 496 1346 564 li-

172 628 307 709 centiae,
330 630 461 695 varietas
484 643 527 693 etv
545 624 673 692 mobilis
696 649 733 691 ac
759 624 836 692 levis
854 620 1072 705 inconstantia,
1094 622 1267 714 ‘qua-nihil
1289 633 1361 692 sa-'

173 758 212 822 tis
236 754 368 822 firmiter
392 753 576 835 consistere,
598 753 653 820 sed
675 751 827 843 pleraque
845 751 943 846 vulgo
965 752 1090 818 fluitare
1110 770 1142 818 et
1160 773 1253 818 caeco
1276 755 1343 818 ime
1435 756 1437 763 '

172 897 249 971 petu
267 879 341 946 ferri
363 896 528 969 putentur.
575 879 701 971 Lingua
706 879 820 968 popuii
840 864 1060 944 estcommuni
1072 876 1202 969 'semper
1221 881 1341 946 iudicio

173 1008 207 1073 in
226 1009 344 1098 optima
367 1031 514 1099 quaeque
538 1007 764 1097 conspirantis,
792 1030 875 1095 quae
887 1031 963 1073 sana
986 1009 1064 1090 sint,
1081 1010 1166 1098 quae
1183 1007 1341 1099 simplicia

174 1150 213 1199 et.
229 1151 441 1202 consentanea
470 1150 614 1216 naturae,
636 1132 732 1200 simul
750 1132 856 1222 lepide
874 1151 904 1199 et
923 1151 1015 1200 acute
1035 1152 1157 1225 reperta
1179 1160 1241 1201 usu
1263 1140 1342 1226 pro·

103 1294 105 1298 ⁴
172 1258 289 1342 hantis,
308 1284 400 1341 vana,
419 1259 576 1343 affectata,
596 1285 687 1354 aegro
709 1261 816 1327 omnia
834 1258 1021 1351 negligentis
1045 1256 1077 1327 et
1094 1277 1258 1328 contemtu
1277 1266 1342 1351 o'pe

174 1387 338 1475 primentis
360 1410 396 1470 ac
418 1386 561 1455 delentis.
582 1387 708 1480 Lingua
731 1411 800 1453 non
826 1403 871 1452 est
890 1411 1073 1476 paucorum,
1089 1389 1209 1455 etiamsi
1230 1388 1341 1454 erudi-

174 1517 258 1581 tione
278 1538 314 1583 ao
342 1513 451 1580 labore
474 1517 626 1605 perpauci
651 1517 781 1582 vincant
802 1514 975 1580 universos.
995 1558 997 1563 -
1019 1513 1343 1584 Possuntinterdum

174 1643 266 1728 pauci
293 1640 469 1708 multorum
497 1643 667 1732 depravare
693 1643 848 1708 iudicium
871 1661 901 1708 et
925 1645 1007 1709 vitiis
1031 1644 1199 1732 inquinare
1230 1641 1342 1706 erudi-

147 1767 212 1830 tis
240 1767 329 1857 quod
357 1769 391 1833 in
422 1771 565 1834 societate
594 1768 763 1835 hominum
791 1771 964 1836 candidum
990 1787 1056 1836 erat
1079 1787 1110 1835 et
1145 1765 1280 1857 simplex
1310 1780 1344 1833 et

174 1902 304 1958 rectum.
352 1895 416 1961 Sed
436 1898 536 1961 maior
564 1919 628 1962 esse
649 1895 726 1962 solet
751 1901 798 1965 vis
821 1902 957 1966 veritatis
981 1915 1013 1964 et
1034 1894 1237 1962 obsolescunt
1262 1919 1343 1963 mort

113 2037 115 2041 ’
175 2035 270 2107 atque
307 2019 479 2086 evilescunt
515 2045 736 2113 quaecumque
769 2013 885 2091 insanis
923 2023 1011 2116 vulgi
1048 2021 1274 2113 cupiditatibus
1304 2024 1343 2087 in

174 2151 272 2214 nimio
295 2151 416 2216 honore
432 2146 573 2232 fuerunt3
594 2176 656 2223 usu
669 2153 761 2227 ‘venit
780 2153 898 2227 hocin
917 2155 1049 2223 Graecis
1062 2151 1180 2217 tibera:
1203 2149 1345 2215 Comoe-

174 2277 226 2341 dia
250 2279 421 2344 vindicavit
443 2283 537 2370 patrii
562 2284 725 2363 sermonis,
749 2308 846 2374 quern
867 2282 1042 2375 Tragoedia
1063 2294 1257 2367 corruperat,
1281 2302 1345 2341 na·-
1382 2358 1384 2363 Ι

175 2406 272 2470 tivam
294 2405 525 2495 simplicitatem
547 2431 583 2473 ac
600 2433 717 2498 poenes
742 2411 899 2477 dederunt
912 2410 1050 2476 Comicis
1072 2424 1103 2473 et
1117 2404 1239 2495 populo
1256 2405 1346 2469 Tra-s

174 2534 234 2624 gici
252 2534 485 2623 ampullarum,
511 2547 591 2627 q'uas
613 2536 767 2628 plurimas
788 2536 978 2602 effuderant.

217 2658 281 2726 Sed
297 2685 408 2728 vereor
426 2685 467 2727 ne
485 2663 509 2726 si
538 2660 592 2727 illa
612 2668 790 2754 persequar
804 2663 1001 2750 a'proposito
1023 2657 1150 2750 longius
1176 2659 1216 2724 sit
1235 2658 1346 2750 digre«

174 2787 337 2854 diendum.
382 2787 465 2854 Illuc
496 2788 600 2870 redeo,
621 2806 658 2855 ut
685 2789 847 2855 ostendam
865 2803 1061 2877 quantopere
1083 2783 1137 2849 illa
1156 2786 1251 2850 dictio
1275 2805 1344 2853 arte
1387 2866 1391 2870 ⁵

84 2959 92 2965 „
173 2916 314 3004 quaesita
342 2941 360 2980 a
385 2917 572 3006 quotidiano
604 2932 637 2988 et
661 2939 737 2992 vero
768 2915 876 2989 Attico
906 2935 1051 2979 sermone
1065 2913 1196 2994 ¹diversa
1227 2910 1340 2977 fuerit:

174 3057 269 3124 atque
297 3058 460 3130 tantopere
486 3041 618 3130 quidem
641 3040 820 3122 differebat,
851 3057 889 3105 ut
909 3043 1000 3129 pueri
1021 3038 1159 3104 inludis
1182 3036 1344 3104 litterariis

173 3165 262 3232 illam
293 3166 404 3234 sedulo
431 3168 640 3248 docerentur,
669 3191 774 3257 neque
796 3169 858 3233 hoc
886 3185 1013 3233 tantum
1040 3168 1096 3233 sed
1125 3166 1224 3232 lexica
1246 3170 1343 3233 etiarn

173 3293 341 3377 ferrentur,
366 3292 454 3362 unde
487 3294 546 3360 sihi
575 3296 712 3385 quisque
733 3313 876 3362 veterum
903 3296 1077 3363 verborum
1100 3294 1345 3387 significationes

174 3439 205 3488 ct
225 3421 416 3512 explicatus,
443 3422 502 3487 uhi
523 3447 605 3512 opus
630 3440 717 3504 esset,
750 3425 879 3489 haurire
911 3424 1017 3513 possit.
1061 3421 1176 3486 Omnis
1203 3419 1345 3485 liberalis

174 3551 328 3616 institutio
361 3576 380 3616 c
407 3560 584 3639 poetarum-
604 3567 748 3616 veterum
774 3551 908 3617 lectione
939 3549 1078 3615 ducebat
1098 3550 1234 3618 initium.
1279 3526 1342 3614 Αἴ-

175 3669 310 3744 ticorum
360 3680 452 3767 pueri
496 3680 593 3771 igitur
633 3681 759 3768 glossas
797 3679 981 3744 Homericos
1024 3674 1243 3751 docebantur,
1267 3674 1342 3759 ,sed

173 3806 327 3896 magistris
367 3804 542 3870 utebantur
578 3803 778 3885 huiusmodi,
809 3804 866 3894 qui
903 3819 1020 3867 temere
1055 3825 1094 3869 ex
1131 3798 1262 3890 singulis
1292 3799 1344 3865 lo-

129 3930 132 3936 ’
174 3933 217 3997 cis
244 3930 333 4022 quod
351 3933 522 3998 sententiae
544 3932 617 3996 satis
641 3905 810 3998 convenire
830 3927 1014 4008 videbatur,
1044 3928 1078 3992 id
1102 3951 1160 4016 pro
1185 3913 1270 3992 certo
1293 3926 1343 3992 af·
1375 3938 1378 3943 ’

174 4060 347 4141 firmarent,
376 4060 463 4126 unde
494 4061 593 4125 mirae
623 4076 652 4124 ct
681 4057 835 4123 absurdae
865 4057 1135 4143 interpretationes
1158 4052 1345 4141 ferebantur

174 4187 317 4275 impune,
340 4186 441 4272 donec
460 4170 590 4251 tendent
601 4186 804 4278 grammatica
827 4196 876 4248 ars
890 4179 1024 4264 effulsit,
1046 4181 1106 4255 sed¹
1114 4181 1227 4246 animis
1241 4176 1344 4241 Grae-

94 4344 96 4355 ·
175 4322 292 4381 corum'
308 4315 456 4380 servitute
488 4313 593 4379 fractis
619 4330 650 4383 et
675 4312 834 4381 exstinctis
865 4311 900 4375 in
923 4310 1087 4377 communi
1108 4307 1255 4370 omnium
1286 4325 1343 4367 oa-

174 4441 313 4506 lamitate
336 4442 479 4531 ingeniis.
510 4439 641 4505 Pueruli
666 4439 762 4504 Attici
787 4440 889 4527 prima
912 4434 1062 4526 legendae
1085 4441 1211 4520 poeseos
1235 4431 1343 4494 tiroci-
