3060 5302
181 331 201 395 6
484 353 523 397 ΒΕ
547 351 748 398 strenuitate
771 350 883 419 ettam
907 350 1059 398 SERMONIS

181 541 302 601 versas,
325 522 527 612 coniungunt
539 523 682 614 ingenie,
705 543 819 600 mores,
835 518 977 585 indolem
991 537 1061 586 toto
1082 509 1170 587 coelo
1191 520 1360 599 diversam

181 669 218 714 ex
245 671 312 738 qua
332 650 557 715 coniunctione
575 665 716 714 monstra
737 663 769 713 et
789 662 936 736 portenta
957 648 1173 713 Grammatica
1194 665 1270 713 nata
1285 665 1362 714 sunt

181 791 212 841 et
233 791 421 842 nascuntur.
467 777 532 860 Qui
558 776 739 841 Homerum·
757 798 833 839 cum
859 773 1034 864 Apollonio
1063 775 1191 842 Rhodio
1223 776 1362 840 coniun-v

163 972 165 978 A
181 920 279 995 gunt,
307 903 542 994 Epicharmum
563 919 595 970 et
612 902 814 993 Sophronem
833 924 910 968 cum
931 904 1118 985 Theocrito,
1135 903 1283 992 denique
1305 925 1362 970 ve·

180 1047 261 1097 teres
283 1055 359 1097 cum
380 1033 472 1099 novis
494 1034 700 1120 permiscent,
724 1054 800 1096 cum
821 1032 902 1096 vivis
924 1048 956 1096 et
979 1029 1162 1123 vigentibus
1189 1030 1361 1127 cadavera,

180 1181 255 1224 cum
276 1160 358 1225 veris
380 1183 417 1224 ao
440 1161 531 1225 certis
553 1161 670 1249 species
692 1161 802 1226 inanes
822 1175 858 1224 et
877 1159 1025 1241 umbras,
1048 1164 1125 1224 cum
1146 1160 1261 1225 nativis
1283 1158 1361 1223 erti-

179 1287 304 1366 liciosa,
328 1309 396 1352 uon
419 1302 546 1351 tantum
567 1289 655 1378 gravi
669 1287 725 1352 sed
744 1288 1008 1376 perniciosissimo
1030 1286 1129 1353 literis
1151 1311 1259 1352 errore
1272 1311 1361 1353 com·-

178 1415 322 1479 miscent.
368 1413 473 1497 Quam
502 1410 564 1478 late
594 1412 671 1478 olim
698 1415 757 1478 ista
787 1412 931 1478 confusio
964 1410 1094 1504 gliscere
1124 1415 1266 1503 potuerit
1280 1415 1362 1502 ⁴pri-

178 1541 270 1604 marii
285 1532 439 1632 philologi
453 1539 518 1606 lere
542 1565 652 1608 omnes
677 1560 867 1634 argumento
882 1566 948 1609 esse
970 1545 1101 1634 possint.
1146 1543 1271 1608 Omitto
1287 1564 1360 1608 cae-

178 1683 275 1746 teros3
299 1671 476 1736 testimonia
495 1670 603 1735 dicent
624 1671 704 1736 mihi
727 1673 890 1761 principes
902 1674 1111 1754 nostratium,
1134 1694 1278 1762 quorum
1297 1672 1363 1736 im·¹¹

178 1795 319 1860 mortalis
337 1795 438 1888 gloria
460 1797 548 1886 apud
567 1820 678 1865 omnes
696 1799 773 1879 erit,
797 1800 854 1888 qui
873 1799 979 1892 iubis
999 1799 1097 1866 literis
1109 1816 1234 1865 rectum
1254 1797 1361 1862 videre

177 1921 295 1989 valent.
325 1923 434 2008 Quid?
456 1924 735 1992 Hemsterhusium
747 1927 825 2014 quis
842 1925 973 2017 negabit
988 1925 1063 2016 plus
1084 1928 1119 1990 in
1141 1926 1359 2013 Xenophonte

176 2050 477 2140 Ephesio'posuisse
504 2051 602 2116 studii
622 2074 723 2141 quam
744 2053 780 2115 in
805 2051 1022 2117 Atheniensii·
1060 2051 1180 2118 Melius
1210 2053 1308 2119 idem
1327 2055 1360 2119 in

178 2176 356 2245 Clementis
374 2176 586 2245 Alexandrini
614 2179 760 2244 oratione
782 2195 937 2245 versutus.
955 2195 1020 2260 est,
1050 2195 1088 2243 ut
1116 2200 1185 2242 uno
1213 2195 1287 2243 utar
1322 2179 1362 2245 de

176 2305 303 2389 multis,
337 2305 560 2398 quammulti
586 2306 677 2372 haud
699 2304 855 2398 ignobiles
888 2303 1044 2397 philologi
1074 2308 1108 2370 in
1137 2307 1362 2376 Demosthenis

176 2450 273 2526 atque
304 2433 456 2502 Platonis.
489 2432 630 2501 Graecos
660 2432 715 2500 ille
743 2457 854 2500 omnes
882 2432 1044 2516 versabat,
1069 2457 1190 2501 omnes·
1204 2434 1362 2532 libenter,

175 2587 285 2630 omnes
302 2563 443 2645 assidue,
460 2578 521 2630 nec
538 2563 721 2630 fastidiebat
741 2563 885 2645 infimos,
898 2563 1047 2655 undique
1069 2562 1193 2654 aliquid
1207 2564 1361 2658 colligens

174 2690 293 2757 florum
308 2708 340 2758 et
357 2690 548 2784 elegantiae,
572 2715 639 2782 quo
670 2693 787 2780 scripta
814 2715 873 2757 sua
894 2708 1041 2769 ornaret;
1072 2691 1177 2758 dicere
1200 2696 1305 2761 ausim
1324 2698 1359 2761 in

174 2818 407 2897 mediocribus,
434 2821 470 2885 in
493 2817 696 2910 sequioribus
722 2841 887 2885 summum
910 2823 1020 2886 virum
1041 2821 1204 2885 immorari
1226 2822 1360 2889 solitum

174 2946 340 3015 lubentius
358 2970 460 3039 quam
480 2949 515 3012 in
537 2945 726 3036 capitalibus
749 2949 960 3037 antiquorum
981 2948 1133 3038 ingeniis3
1157 2949 1239 3037 quid
1257 2949 1359 3017 Vale-

174 3075 342 3157 lten'arius,
375 3077 434 3167 qui
469 3075 654 3141 eruditione·
676 3073 775 3141 nullis
809 3072 930 3138 finibus
968 3075 1207 3164 circumscripta
1246 3077 1359 3144 eodem

153 3213 156 3217 ’
176 3226 285 3271 amore
309 3224 435 3269 summa
465 3202 583 3269 infimis
599 3219 717 3293 aequat
731 3219 764 3270 et
777 3202 958 3282 continuat,
974 3201 1198 3292 sophistarum
1216 3220 1248 3269 et
1268 3204 1358 3270 Rhe·

175 3349 283 3398 torum
307 3329 476 3396 studiosior
497 3329 562 3397 sere
584 3332 686 3421 quam
711 3329 961 3396 Atheniensium
984 3347 1146 3413 veterum,
1174 3333 1209 3397 in
1244 3331 1355 3398 Theo·

175 3460 254 3524 crito
275 3439 423 3555 ornando
442 3482 510 3524 non
529 3461 638 3526 minus
660 3479 768 3549 quam*
782 3461 817 3524 in
835 3459 993 3548 Euripide
1011 3473 1115 3536 totum
1138 3458 1220 3547 quid
1238 3459 1358 3526 Ruhn—

176 3584 290 3652 lrenius
311 3610 448 3677 ecquem
462 3633 464 3637 ψ
479 3588 600 3675 sprevit
623 3610 660 3651 ac
680 3584 840 3652 vfastidivit
866 3575 995 3666 eorum,
1023 3585 1096 3674 qu'i
1112 3583 1170 3647 diu
1195 3600 1276 3670 post-
1300 3609 1358 3652 ex·

175 3714 507 3794 stinctumGreeciam
527 3712 690 3780 balbutire
706 3712 829 3779 Graece
840 3713 958 3806 rectius
976 3707 1196 3800 quamssdicere
1218 3735 1255 3776 ae
1277 3716 1355 3779 scri·

173 3840 438 3909 here'dicautur.
477 3841 626 3906 'iuliano
665 3839 939 3932 Wyttonhochius
953 3874 962 3907 ς
977 3837 1095 3930 gaudet
1128 3836 1219 3907 haud
1264 3857 1372 3907 secus*

171 3953 274 4061 atipue
301 3967 452 4053 Platone,
480 3971 668 4061 Eunepium
696 3968 849 4036 illustrat
867 3993 935 4036 non
964 3970 1090 4034 minore
1115 3993 1222 4034 amore
1255 3990 1352 4059 quam

169 4097 395 4166 Phaedonem!
411 4100 501 4191 quid
519 4101 618 4165 animi
645 4099 788 4165 credatis·
802 4095 865 4163 illis
885 4099 962 4187 ipsis
975 4096 1151 4164 ssGraeculis
1172 4096 1264 4175 fore,
1277 4095 1301 4159 si
1318 4115 1350 4158 se

171 4225 296 4291 seirent
308 4237 384 4291 cum
403 4224 466 4293 illis
484 4226 637 4292 heroibus
655 4227 766 4292 eadem
786 4224 882 4293 laude
893 4248 929 4290 ac
944 4225 1050 4290 studio
1068 4199 1254 4302 consociari.¹

170 4352 396 4420 ·:B'eutleium
427 4377 532 4419 unum
559 4352 642 4419 addo
676 4356 875 4435 excederis,
897 4351 1077 4420 Bentleium
1094 4348 1221 4416 veroin
1246 4345 1348 4413 Calli-

172 4482 285 4546 macho
305 4498 411 4546 totum
428 4505 509 4563 esse,
521 4505 635 4548 rerum
652 4481 763 4563 fateor,
774 4483 884 4592 miror¹
895 4481 1057 4548 interdum
1073 4494 1107 4576 et
1125 4474 1348 4568 subindignor.
