3060 5302
543 346 563 391 t
585 345 737 391 mentam
760 315 990 392 msrrsoumm.
1330 329 1349 388 5

174 510 314 592 videtur,
341 528 447 578 tamen
479 529 524 578 est
549 513 640 603 qnod
664 512 818 601 impedire
850 528 881 578 et
912 517 1028 578 morari
1063 513 1201 604 aliquem
1233 512 1350 601 possit,

174 661 255 702 nam
288 662 371 727 qnae
395 640 497 727 prima
517 656 563 704 est
582 656 614 705 et
629 638 725 732 longe
746 641 852 729 potior
872 664 955 728 pars,
986 648 1090 731 quum
1114 643 1218 720 variae
1240 641 1350 726 stirpes

171 767 209 829 in
232 764 366 831 Graecia
387 764 488 832 libera
509 765 551 831 ab
573 765 694 848 alieno,
714 767 749 832 id
769 765 980 848 cathedram,
1000 769 1133 856 imperio
1155 767 1305 831 florerent
1319 781 1351 832 et

172 891 301 984 eloquio
331 911 498 960 uterentur
518 896 636 979 nativo,
665 894 813 959 noudum
832 894 1002 982 depravato
1021 893 1130 960 alienis
1153 894 1352 960 additamen·

173 1023 215 1084 tis
231 1020 295 1086 sed
312 1019 409 1110 quale
432 1023 498 1110 ipsa
521 1037 636 1097 natura
663 1037 693 1087 et
710 1022 875 1111 ingenium
896 1023 997 1112 gentis
1016 1020 1115 1087 veluti
1137 1023 1267 1086 insitum
1291 1020 1351 1086 sihi

173 1164 209 1212 et
228 1149 376 1212 innatum
403 1145 537 1228 edebat,
563 1171 630 1212 non
656 1148 758 1211 caruit
782 1145 913 1211 artificio
944 1145 1011 1226 illo,
1031 1171 1097 1238 qno
1127 1149 1210 1212 docti
1242 1157 1352 1234 po'e‘tae

175 1275 370 1339 ornamentis
390 1270 522 1338 aliunde
547 1273 835 1360 adscitis-patrium
855 1272 1019 1364 eloquium
1041 1276 1179 1340 ditarent
1204 1274 1299 1340 simul
1322 1292 1353 1339 et

175 1401 395 1490 imprudentes
425 1397 576 1465 nonnihil
601 1400 809 1466 admiscerent
840 1401 929 1491 quod
951 1401 992 1467 ab
1019 1401 1126 1466 indole
1146 1400 1279 1466 alienius
1302 1425 1352 1466 es-

176 1545 233 1593 set.
277 1527 404 1595 Accidit
425 1527 487 1592 hoo
516 1525 754 1616 dithyrambieis
785 1526 1030 1592 Atheniensium
1059 1530 1159 1616 poetis
1184 1545 1215 1592 et
1238 1529 1354 1618 Tragi-

177 1658 240 1720 cisz
279 1671 411 1744 apparet
449 1655 557 1720 autem
589 1656 684 1719 etiam
714 1652 909 1719 luculentius
942 1656 977 1719 in
1010 1655 1151 1719 Pindaro
1179 1654 1234 1719 sed
1262 1678 1355 1744 repe*

179 1781 278 1846 tenda
297 1804 347 1846 res
371 1798 417 1846 est
435 1779 600 1871 eliquanto
626 1779 728 1847 altius.
764 1781 888 1873 Regnat
913 1782 1244 1871 inpriscatGraeeia,
1263 1785 1355 1849 euius

175 1909 310 1999 quidem
331 1909 450 1999 ingenii
474 1925 682 1972 monumenta
700 1908 741 1973 ad
760 1921 960 1996 posterorum
978 1912 1163 1975 memoriam
1184 1928 1355 2002 propagata
1385 1916 1392 1935 ¹
1471 1991 1476 2002 ¹

176 2052 265 2116 sunt,
282 2032 393 2125 lingna
415 2036 547 2115 ionum,
578 2057 649 2099 cera
667 2032 803 2116 mollior,
825 2038 860 2100 in
883 2059 993 2101 omnes
1012 2035 1127 2103 formas
1146 2037 1224 2130 fingi
1246 2037 1355 2103 docilis

178 2179 212 2227 et
230 2185 359 2250 sequax,
379 2178 445 2227 tam
463 2179 536 2250 apta
555 2135 662 2226 robori
682 2182 718 2224 ac
733 2162 855 2242 virtuti,
873 2187 973 2252 quam
982 2162 1071 2228 molli
1091 2167 1219 2230 inertiae
1240 2183 1270 2231 et
1291 2169 1356 2231 otio

181 2286 327 2353 affluenti
345 2281 472 2368 deliciis,
482 2305 550 2353 tam
559 2288 642 2354 hene
655 2288 818 2355 classicum
829 2289 964 2357 reserens
972 2316 1071 2381 quarn
1079 2292 1193 2358 fractos
1203 2293 1357 2360 tibiarum

185 2438 286 2478 sonos.
326 2413 493 2506 Originem
515 2432 546 2480 et
566 2417 740 2504 primordia
761 2415 890 2508 linguae
909 2419 1035 2486 Ionicae
1058 2420 1169 2485 eadem
1192 2445 1257 2486 nox
1279 2445 1355 2510 pre-

186 2543 256 2622 mit,
278 2565 357 2631 qnae
384 2545 474 2607 initia
498 2567 606 2610 rerum
630 2542 672 2608 ah
685 2543 817 2609 ionibus
840 2562 1010 2636 gestarum.
1031 2545 1134 2612 Simul
1154 2563 1228 2613 nata·
1242 2549 1354 2638 genuit

182 2669 295 2756 poesin
311 2685 346 2735 et
368 2673 518 2752 carmina,
541 2670 663 2761 quibus
684 2673 891 2737 admiratione
907 2673 1094 2760 posteritatis
1114 2673 1232 2761 partim
1250 2697 1357 2738 serua-0

181 2797 222 2859 tis
239 2798 361 2861 exstem
384 2800 556 2885 pervetusti
577 2800 728 2863 sermonis
748 2800 888 2891 vestigia,
901 2823 984 2889 quae
1006 2797 1187 2866 luculenter
1212 2802 1358 2866 remotis*

179 2923 295 2988 simam
321 2923 520 2990 Graecorum
543 2925 721 2991 hominum.
741 2926 927 2997 memoriam
955 2925 1118 3006 referunt,
1149 2927 1205 2992 sed
1229 2924 1358 3018 vestigia

179 3067 320 3119 tantum.
335 3051 459 3135 -Quum
484 3075 522 3118 ex
538 3054 626 3118 omni
642 3071 742 3121 aetate
753 3053 1039 3145 praeclarissimum
1058 3054 1212 3142 quodque
1234 3053 1358 3120 deliba«

180 3195 254 3246 tum
284 3202 412 3244 carmen
442 3180 500 3244 ad*
515 3178 651 3247 alterum
666 3179 842 3247 saeculum
864 3196 1094 3272 propagaretur
1117 3180 1239 3245 factum
1262 3197 1360 3249 estut

181 3304 295 3389 multa,
320 3330 403 3396 quae
423 3305 501 3372 olim
524 3309 558 3374 in
578 3307 726 3397 populari
746 3331 889 3375 sermone
909 3306 1067 3397 frequenti
1095 3331 1156 3372 usu
1182 3322 1360 3372 tererentur

181 3449 290 3522 postea
317 3451 627 3501 consenescerent'et
644 3458 682 3500 ex
699 3460 760 3500 usu
781 3433 894 3524 populi
912 3434 1046 3515 abirent,
1069 3457 1128 3498 nec
1145 3435 1205 3498 nisi
1225 3434 1259 3498 in
1283 3432 1359 3499 reli-
1393 3440 1395 3444 ’

183 3562 269 3650 quiis
284 3546 430 3628 veterum
448 3565 628 3639 carminum
640 3563 747 3638 doctis
769 3562 894 3629 vatibus
910 3532 1068 3627 intellecta
1087 3579 1294 3650 superessent.
1316 3561 1359 3626 Hi

182 3691 436 3781 quoquemagis
469 3705 560 3754 acute
587 3712 780 3779 sensumque
805 3691 902 3754 secuti
925 3689 1098 3778 quemdam
1117 3689 1214 3752 animi
1230 3689 1271 3752 ad
1289 3710 1361 3752 ear-

182 3816 272 3881 mina
289 3797 516 3897 inealesoentia,
536 3831 574 3881 ut
588 3815 648 3880 sibi
670 3815 774 3881 adesse
787 3814 938 3881 heroibus
955 3813 1028 3894 illis,
1044 3839 1080 3879 ac
1099 3814 1196 3881 rebus
1213 3817 1361 3881 interesse

183 3943 221 4006 in
239 3944 327 4034 gravi
347 3945 482 4032 pectoris
503 3944 714 4010 commotione
734 3960 764 4008 et
784 3958 871 4007 aenu
894 3941 1089 4021 viderentur,
1101 3942 1289 4006 sententiam
1305 3934 1374 4008 ve-'

181 4045 424 4139 temmratum
437 4069 682 4161 expiscabantur
703 4095 803 4161 quam
824 4087 1037 4135 camararum
1061 4085 1092 4133 et
1116 4066 1290 4153 verborum
1308 4071 1360 4133 in-

182 4193 367 4288 telligentia·
391 4212 499 4263 mente
544 4194 846 4285 complectebantur.
897 4196 1011 4260 Dicam
1045 4197 1211 4284 perspicue
1243 4195 1359 4260 verbo:

182 4324 278 4391 Iones
302 4327 501 4406 recentiorem
523 4326 666 4420 quorum
689 4324 848 4414 quaedam
870 4323 1011 4388 earmina
1028 4323 1063 4386 in
1084 4320 1183 4387 Iliade
1201 4339 1232 4387 et
1253 4321 1361 4412 Odys·
1442 4405 1448 4413 ,

183 4472 236 4513 sea
258 4452 439 4538 supersunt,
460 4448 637 4541 fragmenta
655 4467 800 4518 veterum
821 4452 1000 4516 carminum
1023 4451 1217 4530 lonicorum,
1232 4453 1360 4539 quaein
