3060 5302
466 402 736 451 artmuoorou
758 402 916 450 vamur.
1261 388 1282 452 7

148 570 189 637 In
217 567 339 637 artibus
359 564 400 635 roi
418 561 535 634 παλαιά
552 586 632 638 sunt
655 571 759 653 rudia,
790 571 953 656 inchoata,
975 576 1165 654 invenusta,
1189 575 1224 639 in
1241 569 1284 640 ti-

15 762 23 766 -
104 699 179 764 teris
205 713 238 764 et
253 695 455 789 eloquentia,
481 700 517 766 in
538 721 702 782 sermone,
733 701 769 767 in
785 703 867 785 rita,
895 701 1019 793 ubique
1051 700 1282 792 exploduntur.

96 825 226 912 ἀρχαῖος
245 803 361 892 dicitur
389 827 514 894 urbane
532 850 592 917 pro
611 827 733 894 insulso
754 845 786 896 et
810 830 952 920 stupido.
972 830 1086 895 Postea
1108 831 1217 896 omnia
1246 831 1283 895 in

98 952 295 1018 contrarium
312 971 488 1020 verterunt.
522 954 615 1022 Nova
633 971 665 1020 et
678 956 800 1022 novitia
816 956 904 1044 apud
918 979 1029 1022 omnes
1045 956 1282 1047 improbantur.

66 1103 76 1120 ¹
96 1079 189 1170 rim
213 1082 347 1164 nadad,
361 1083 479 1171 βιβλία,
506 1079 745 1168 omero,
765 1078 848 1170 λόγοι
867 1088 930 1153 τῶν
948 1088 1088 1152 παλαιῶν
1106 1086 1143 1154 in
1159 1085 1283 1177 ingenti

97 1224 173 1275 sunt
190 1209 280 1298 apud
289 1232 402 1276 omnes
415 1207 512 1275 laude
529 1224 562 1275 et
578 1208 717 1288 bonore;
736 1210 766 1274 is
784 1209 846 1276 sibi
865 1210 998 1278 videtur
1007 1210 1206 1278 beatissimus
1225 1211 1286 1301 qui

97 1340 242 1426 Plfflimss
258 1337 302 1404 ad
317 1335 687 1429 anrtqutoeumtlaudem
708 1336 814 1408 voleat
834 1340 995 1407 accedere.
1038 1340 1127 1408 Nata
1141 1356 1190 1406 est
1207 1340 1282 1405 imi-
1384 1426 1392 1436 1

97 1469 194 1547 tatio,
217 1483 256 1533 ut
272 1462 543 1555 semperinfeli'x,
567 1486 650 1553 quae
666 1462 749 1530 nibil
763 1465 972 1555 quodvirere
987 1444 1160 1557 etplaoare
1183 1468 1282 1557 possit
1308 1459 1310 1464 ⁵

97 1597 220 1686 genuit.
239 1594 455 1661 Aeutissimus
472 1594 616 1686 quisque¹
627 1591 745 1658 fatetur
760 1591 844 1658 nibil
863 1617 897 1659 ee
913 1592 1037 1660 afficere
1053 1594 1145 1686 qnod
1161 1594 1203 1660 ad
1221 1618 1284 1660 an-

97 1724 265 1813 tiquorum
285 1724 510 1813 praestantiam
533 1722 573 1786 sit
597 1720 800 1812 exigendum.
845 1720 1055 1790 Erubescunt
1075 1725 1102 1792 si
1122 1745 1183 1789 sua
1201 1747 1279 1790 cum

97 1849 230 1919 illorum
247 1853 372 1941 scriptis
396 1865 615 1939 componunt,
637 1839 772 1917 reniam.
787 1849 1011 1941 deprecantur.
1055 1851 1111 1919 Ab
1137 1876 1177 1919 eo
1198 1869 1284 1919 tem·

97 2002 175 2067 pore
197 1996 275 2048 nata
297 1997 375 2047 sunt
398 1979 503 2046 studia
527 1975 720 2070 philologiae
734 1980 949 2072 antiquitatis,
970 1980 1050 2048 binc
1068 1979 1142 2049 illae
1162 1980 1284 2048 biblio·

98 2107 207 2176 thecae
221 2127 253 2176 et
263 2111 376 2202 ingens
390 2108 535 2183 studium
554 2071 669 2198 regum
682 2106 719 2172 in
736 2108 966 2197 conquirendis
982 2125 1015 2175 et
1024 2111 1169 2200 impenso
1181 2111 1285 2200 pretio

97 2236 277 2303 monendis
293 2237 417 2327 scriptis
437 2243 500 2306 mir
518 2241 670 2316 noiomo,
689 2235 725 2301 in
744 2232 825 2301 baec
845 2259 955 2303 onmes
976 2236 1183 2318 incumbere,
1204 2235 1285 2304 baec

30 2425 36 2434 .
97 2362 216 2455 legere,
245 2365 411 2445 meditari,
427 2398 429 2405 ·
444 2364 485 2429 ad
516 2363 711 2429 imitandum
739 2384 776 2429 so
793 2385 980 2453 comparare
1002 2362 1168 2432 saeculum
1200 2371 1278 2431 erat.

102 2490 147 2556 At
160 2508 303 2582 tempora·
316 2508 521 2559 mutaveram
528 2489 658 2582 linguae
673 2513 788 2570 usum,
811 2491 877 2558 iam
888 2489 966 2558 olim
983 2515 1041 2581 per
1054 2493 1194 2559 diversas
1208 2492 1283 2556 stir-

102 2636 200 2708 petet
215 2622 334 2708 patrias
350 2615 548 2708 populorum
561 2616 741 2706 divorsum,
766 2618 811 2684 sic
826 2635 865 2682 ut
886 2618 1011 2686 diversa
1027 2619 1146 2708 oppida
1168 2619 1203 2683 in
1223 2641 1285 2706 po-

17 2838 20 2842 *
101 2743 178 2834 polo
195 2748 306 2813 eodem
319 2762 488 2813 uterentur
507 2768 653 2810 sermone
672 2744 806 2811 diverso.
850 2745 927 2813 Non
941 2764 1068 2813 tantum
1085 2763 1203 2813 aetates
1226 2746 1285 2811 de-

99 2874 231 2939 crimina
253 2866 418 2941 ¹faciebant
441 2890 479 2939 ut
503 2871 565 2938 aiio
592 2894 737 2939 sermone
756 2889 876 2942 veteres
919 2874 1033 2956 Attici,
1051 2874 1115 2941 alio
1135 2872 1285 2966 aequales

99 2999 341 3092 timphanis,
368 3000 432 3068 alio
454 3000 697 3080 Demosthenis,
710 3046 713 3051 -
727 2999 791 3067 aiio
813 3003 987 3070 Menandri
1012 3019 1198 3086 uterentur,
1230 3004 1287 3068 sed

98 3152 164 3194 uno
186 3131 364 3222 eodemque
384 3146 527 3220 tempore
547 3130 584 3195 in
607 3131 698 3195 Ionia
718 3130 1058 3223 Herodotus-quatuor
1078 3134 1197 3222 speeies
1215 3132 1285 3198 dia-
1321 3168 1324 3171 ·

98 3253 170 3321 lecti
189 3257 330 3323 diversas
350 3260 438 3324 inter
452 3280 520 3324 sese
535 3273 778 3340 commemorat,
801 3257 863 3324 alia
883 3276 950 3326 erat
975 3257 1080 3326 Mileti
1110 3255 1281 3338 dulcetus,

99 3381 159 3449 alia
174 3384 309 3474 Ephesi,
332 3384 395 3452 alia
411 3384 585 3467 Chiorum,
607 3384 789 3452 Samiorum
810 3383 873 3451 alia
894 3385 929 3468 Ι,
952 3388 1032 3452 idi:
1057 3409 1095 3452 ex
1114 3409 1215 3477 quam
1230 3386 1284 3450 in-

99 3509 191 3577 finita
209 3515 301 3602 copia
319 3514 367 3579 ad'
378 3531 534 3604 quantam
549 3528 771 3604 paupertatem
780 3512 941 3579 Graecitas
959 3515 1085 3597 reducta
1107 3511 1168 3579 est!
1214 3514 1284 3578 Iam

100 3639 157 3726 qui
181 3641 215 3703 in
240 3641 374 3708 Graecia
398 3640 498 3708 libera
518 3659 665 3709 veterum
682 3641 798 3729 scripta
820 3642 1022 3730 interpretari
1040 3639 1187 3707 solebant
1208 3639 1283 3730 plus

98 3765 226 3856 ingenio
256 3787 289 3836 et
317 3770 435 3836 audaci·
457 3753 641 3835 coniectura
665 3791 767 3859 quam
787 3784 858 3834 arte
885 3785 917 3834 et
948 3768 1096 3835 doctrina
1126 3766 1279 3833 niteban-

98 3908 163 3959 tur.
207 3894 356 3965 Ioculare
374 3914 422 3964 est
442 3897 567 3979 videre,
590 3911 628 3962 ut
646 3893 694 3961 illi
713 3895 908 3993 Homerum,
932 3912 980 3970 ut*
996 3892 1135 3986 reliquos
1163 3912 1283 3962 veteres

98 4032 207 4110 poetae
231 4023 352 4090 soleant
373 4023 548 4113 explicare,
569 4020 768 4089 confidenter
785 4021 876 4112 quod
901 4023 935 4087 in
966 4036 1108 4088 mentem
1137 4006 1283 4088 renitet

96 4150 235 4216 buccam
254 4153 348 4218 utin
372 4174 406 4218 re
423 4167 509 4218 certa
524 4151 780 4241 pronuntiantes.
817 4149 1032 4217 Grammatica
1056 4172 1106 4214 ars
1127 4163 1159 4213 et
1179 4149 1281 4215 inter-

97 4280 244 4367 pretandi
260 4303 338 4351 usus
353 4280 503 4346 nondum
524 4280 598 4354 eatis
613 4276 803 4345 constabant
816 4295 848 4343 et
867 4293 905 4342 ut
925 4278 1064 4368 quisque
1083 4289 1150 4342 erat
1162 4277 1281 4341 acutis-

98 4407 202 4471 simus
222 4409 266 4475 sic
284 4408 426 4497 optimus
445 4405 628 4474 habebatur
638 4407 794 4497 interpres
812 4423 844 4473 et
855 4405 1050 4486 verborum,
1071 4426 1156 4494 quae
1174 4419 1281 4489 tamen

99 4534 226 4620 penitus
255 4536 429 4625 ignoraret,
453 4551 484 4600 et
507 4536 735 4603 sententiarum
758 4558 838 4627 quas
863 4557 931 4601 non
950 4534 1022 4600 satis
1042 4530 1183 4598 habebat
1205 4555 1280 4622 per·
