3060 5302
532 354 552 400 a
575 351 727 402 rormmr
749 353 978 402 uunroussut.
1310 339 1351 402 ii

175 540 327 591 narratur
347 521 390 589 ab
409 523 487 589 lone
510 521 603 604 Chio,
622 519 793 612 aequalior
809 522 922 601 amico,
943 537 1024 586 recte
1036 520 1184 588 refutasse
1201 544 1352 614 errogan-

175 669 244 719 tem
263 652 507 743 grammaticum
532 651 567 716 iu
590 647 694 716 insula
716 648 815 730 Chio,
849 649 907 738 qui
930 666 1020 714 vetus
1042 648 1180 715 verbum
1204 650 1352 716 lonicum

175 798 345 868 perperam
370 793 400 843 et
428 778 533 866 inepte
554 777 710 865 accipiens
741 772 916 865 pulchrum
943 796 1071 841 versum
1090 758 1267 868 Phrynichi
1287 778 1351 842 ini-

174 929 243 996 que
274 904 436 994 carpebat:
480 923 579 992 quem
605 903 743 968 inscitiae
780 926 915 994 arguens
942 901 1113 990 Sophocles
1142 900 1218 968 locis
1248 928 1266 969 e
1297 904 1351 972 Si·

174 1031 307 1098 menide
335 1048 368 1097 et
399 1031 537 1096 Homero
567 1027 667 1093 allatis
697 1053 807 1094 veram
840 1027 901 1094 loci
933 1029 1126 1119 Phrynichei
1164 1034 1351 1101 sententiam

174 1160 311 1249 apertuit.
334 1156 538 1224 Praeclarum
559 1174 606 1223 est
626 1158 687 1222 hoc
703 1158 790 1223 Ionis
801 1157 874 1223 Chii
893 1157 1107 1249 fragmentum
1126 1158 1214 1245 apud
1231 1157 1350 1226 Athen.

174 1277 330 1378 x111,'p.
350 1289 415 1354 603
435 1311 482 1378 sq.

221 1418 307 1483 H'aeo
332 1418 439 1483 omnia
469 1416 629 1504 reputanti
646 1411 768 1480 subibit
787 1415 932 1478 animum
950 1414 1095 1504 cogitatio
1116 1437 1199 1503 quac
1221 1414 1351 1481 taudem

174 1568 249 1633 pars
265 1544 463 1611 Graecarum
479 1541 669 1622 litterarum,
682 1564 763 1631 quas
776 1538 966 1629 multiplices
980 1557 1012 1606 et
1032 1542 1134 1608 vanas
1151 1565 1216 1608 esse
1237 1544 1350 1608 statui·

160 1692 258 1759 ‚mue
281 1672 423 1738 mutam
434 1669 547 1760 populi
568 1668 853 1761 linguam’rcferat,
874 1691 957 1758 quae
977 1684 1088 1733 contra
1105 1685 1215 1734 ornata
1236 1685 1267 1735 et
1284 1667 1350 1736 ola-

173 1796 286 1863 borata
303 1799 347 1864 ad
366 1799 502 1888 priscam
524 1773 696 1865 dictionem
721 1768 852 1862 artificio
875 1797 1067 1885 scriptorum
1086 1818 1186 1887 qnam
1206 1799 1350 1921 prpxime

173 1924 243 1992 tion·
264 1927 405 2015 potmn
427 1926 565 1992 accedat.
600 1925 759 1991 Moerenti
778 1926 886 1990 animo
904 1927 1066 2018 ingentem
1084 1923 1263 1991 litteramm
1284 1928 1350 1992 iac-

174 2066 280 2117 turum
299 2051 416 2117 iactam
437 2075 502 2118 esse
527 2049 750 2144 intelligimus,
772 2068 809 2116 ut
829 2052 869 2117 de
885 2053 1019 2134 Derieis,
1041 2053 1081 2118 de
1106 2051 1242 2119 Aeoliois
1264 2052 1350 2121 litte-

174 2180 227 2259 ris,
249 2178 355 2268 doque
382 2202 493 2243 carum
514 2179 642 2270 ingenio
666 2194 697 2243 et
717 2176 825 2244 indole
844 2197 927 2246 recte
952 2181 1170 2273 cognoscenda
1191 2197 1299 2248 actum
1319 2201 1351 2250 et

175 2303 410 2372 conclamatum
429 2306 478 2370 sit.
523 2304 704 2394 Supersunt
721 2320 832 2372 tenues
853 2307 1012 2398 quaedam
1035 2307 1199 2399 reliquiae,
1218 2332 1277 2376 nec
1298 2313 1350 2399 ip-
1378 2289 1387 2333 ⁸

178 2455 228 2497 sae
247 2433 318 2498 satis
340 2433 497 2523 integrae,
527 2432 582 2497 scd
603 2434 756 2498 miserm
782 2435 816 2498 in
842 2437 978 2501 modum
997 2453 1126 2526 stupore
1144 2437 1351 2504 librariorum

182 2559 215 2625 iu
233 2559 281 2625 his
295 2583 424 2650 prorsus
444 2557 528 2624 nihil
546 2562 744 2626 cernentium
759 2560 898 2628 mutilae
922 2579 953 2629 et
976 2581 1153 2654 corruptae.
1186 2566 1266 2649 Quis
1288 2564 1349 2630 sibi

179 2683 332 2753 Alcaeum
360 2704 416 2754 aut
439 2685 646 2776 Sapphouem
670 2688 780 2754 audire
808 2713 985 2780 eorumque
1003 2689 1148 2783 linguam
1175 2715 1266 2758 nossa
1288 2717 1348 2781 po·
1486 2736 1489 2741 2

177 2826 235 2878 teat
248 2813 349 2880 videri
366 2816 401 2878 in
422 2811 531 2879 laceris
547 2812 742 2904 quibusdam
751 2813 884 2897 laciniis,
896 2833 975 2908 quas
988 2821 1149 2908 perpetuis
1159 2821 1349 2886 coniecturis

176 2939 258 3005 iuter
287 2938 463 3034 legendum
487 2951 648 3031 saroimus,
678 2950 776 3040 idque
803 2953 926 3040 saepius
948 2952 1014 3018 sine
1037 2948 1156 3018 fructu.
1202 2953 1282 3036 Quis
1296 2952 1348 3020 Si-

175 3063 281 3133 culam
305 3066 451 3163 linguam
475 3078 574 3155 novit,
595 3100 660 3167 qua
682 3075 831 3167 Sophron
849 3095 880 3144 et
899 3071 1112 3168 Epicharmus
1131 3078 1348 3171 scripserunt?

175 3194 246 3282 quis
266 3195 456 3264 Laconicam
479 3200 644 3269 Alcmanis
672 3220 728 3269 aut
745 3204 901 3271 Creticam
928 3205 1090 3289 Thalutae,
1110 3224 1168 3295 aut
1185 3208 1345 3273 Rhodiam

155 3406 156 3411 ἵ
176 3319 333 3405 Pretinae,
355 3342 412 3390 aut
429 3327 609 3395 Boeoticam
628 3329 771 3397 Erinnae
792 3334 921 3400 erraris
936 3336 1165 3400 sententiarum
1178 3351 1234 3401 out
1253 3337 1348 3402 ctiam

175 3448 375 3541 cingulorum
401 3452 575 3526 verborum
606 3457 786 3526 ruderibus.
831 3459 965 3550 Sepulta
985 3462 1064 3529 haec
1092 3465 1199 3529 omnia
1222 3463 1347 3528 dudum

176 3594 261 3658 sunt,
276 3580 337 3643 nisi
348 3582 406 3670 qui
416 3580 551 3648 Graecis
563 3581 673 3650 litteris
686 3585 799 3653 damus
810 3612 940 3677 operam
951 3612 1062 3682 eorum
1078 3584 1194 3656 imitari
1212 3590 1346 3661 velimus

175 3705 318 3795 ineptias,
335 3709 395 3798 qui
409 3707 554 3802 linguam
569 3712 769 3781 Umbrorum
787 3731 844 3780 aut
861 3712 1070 3782 Etruscomm
1080 3739 1117 3815 ex
1130 3715 1253 3807 aliquot
1269 3740 1346 3784 cen-

175 3834 255 3899 onis
282 3835 446 3902 vocabulis
479 3862 562 3929 quae
591 3858 648 3906 aut
683 3843 906 3934 gemmeticus
941 3840 1105 3908 Romanus
1135 3822 1223 3908 eliud
1252 3865 1347 3936 agens

174 3979 400 4027 commemorat
423 3981 480 4030 aut
495 3982 587 4033 votus
602 3966 683 4058 lapis
704 3969 850 4049 exbibet,
878 3993 911 4036 se
933 3987 1039 4036 tancre
1062 3986 1187 4060 putant.
1214 3969 1347 4060 Sepulta
1402 4044 1405 4050 ⁵

173 4083 251 4152 baec
270 4105 363 4169 sunt,
382 4092 532 4185 inquam,
559 4096 663 4162 sedin
689 4099 805 4164 Ionicis
824 4099 951 4166 videtur
970 4096 1027 4162 lux
1054 4095 1205 4189 affulgere
1226 4095 1346 4162 laetior.

173 4210 375 4282 Herodotum
391 4220 552 4312 integrum
577 4222 723 4316 legimus,
743 4225 943 4317 Hippocratis
965 4224 1114 4315 plurima,
1137 4222 1239 4290 multa
1259 4223 1346 4290 mul-

171 4353 280 4409 torum
309 4369 404 4413 omne
430 4368 530 4440 genus
552 4349 738 4444 fragmento,
767 4371 863 4446 atque
889 4355 1078 4433 Homerum,
1102 4352 1225 4448 ionum¹
1240 4353 1346 4418 omni-

172 4490 229 4534 um
253 4472 430 4562 principem
464 4502 502 4543 ac
538 4478 602 4547 lere
636 4481 798 4572 deum:‚s
834 4503 899 4572 quo
924 4483 1080 4572 cogitare,
1113 4499 1219 4569 aquo
1242 4477 1346 4545 dicere
