3060 5302
566 365 726 413 outvrraa
750 367 941 412 narraverat
1329 348 1349 411 t

172 539 305 605 Aiacem
324 532 556 624 Sophocleum,
581 553 679 626 quem
696 536 817 602 librum
837 539 980 626 primam
998 534 1110 615 edidit,
1134 536 1188 601 sed
1207 538 1242 600 in
1260 558 1349 601 oont-

173 667 338 734 mentariis
369 663 417 727 ad
447 664 685 755 Phrynichum,
724 667 758 730 in
791 664 1056 753 paralipomenis,
1094 665 1128 728 in
1165 661 1351 754 Pathologia

171 797 306 863 Graeca.
355 793 387 856 Is
403 792 484 856 mihi
506 793 695 881 respondeat
711 792 922 882 profeceritne
945 807 984 858 ex
1011 789 1157 882 illa¹gaaa
1179 789 1353 858 inexhaus*

171 943 226 989 tae
243 921 404 988 doetrinae
419 921 440 983 i.
462 942 490 984 e.
510 918 722 1008 dispulerime
738 919 800 985 sibi
817 918 986 1012 caliginem
1004 921 1136 998 mentis,
1161 942 1245 1009 quae
1264 917 1353 985 mul-

172 1070 223 1118 tas
241 1049 407 1115 literarum
425 1063 532 1135 partes-
552 1049 669 1135 premit
679 1094 689 1127 ,
712 1043 939 1112 erorum-sibi
960 1047 1000 1112 sit
1012 1043 1067 1110 illa
1083 1047 1251 1126 serenitas,
1270 1067 1353 1135 quae

171 1195 339 1268 tamquam
353 1175 450 1256 coeli,
465 1190 512 1241 est
526 1177 754 1266 cogitationum
770 1192 907 1267 quoque-
914 1191 946 1240 et
955 1175 1122 1255 orationis,
1137 1175 1171 1238 in
1190 1187 1354 1262 quarente

173 1308 344 1391 cernimus,
363 1308 480 1393 inqua
499 1302 604 1370 multa
622 1306 783 1370 cernimus
806 1306 850 1368 sic
874 1320 911 1368 ut
928 1302 1112 1395 ambigendi
1136 1302 1355 1393 haerendique

173 1428 316 1495 molestia
343 1455 380 1496 ao
396 1430 568 1497 dubitandi
589 1430 693 1497 veluti*
705 1448 809 1498 metus
822 1431 955 1522 qnidam
969 1455 1007 1497 aa
1023 1431 1182 1499 dubitatio
1206 1429 1355 1512 tollatur,

174 1573 366 1625 at1osrtote
386 1562 518 1651 vestigio
536 1560 706 1648 consistere
730 1561 846 1626 sentias
871 1582 975 1650 eaque
995 1558 1094 1625 nullis
1112 1582 1271 1649 umquam
1283 1581 1355 1623 ma·

174 1667 278 1750 ohinis
296 1687 432 1754 oonrelli
453 1705 485 1754 et
504 1664 682 1781 expugndri
704 1711 795 1778 posse
812 1686 966 1753 omnibus
982 1689 1099 1754 mentis
1117 1686 1294 1777 iudiciique
1302 1688 1356 1753 ri-

174 1812 269 1878 ribus
286 1814 452 1906 intelligas.
482 1814 538 1881 Sat
555 1817 618 1880 anio
646 1813 850 1880 aliosstatim
872 1830 1058 1905 negaturos,
1089 1811 1166 1891 alios
1190 1811 1273 1894 fore,
1292 1815 1355 1903 qui

175 1943 318 2006 assentiri
345 1940 654 2006 nondum-audeant
672 1939 728 2005 aed
747 1938 1004 2029 sensu-quodam
1022 1938 1160 2005 obscum
1176 1940 1212 2005 in
1231 1961 1357 2007 sumana

175 2069 236 2134 riti
247 2069 424 2134 reverentia
435 2069 498 2131 ia'm
511 2066 638 2133 dudum
654 2068 832 2133 istiusmodi
843 2067 925 2158 quid
936 2068 1048 2134 animis
1061 2069 1227 2137 senserint.
1248 2066 1355 2157 Equi

176 2196 251 2262 dam
277 2196 429 2262 audacter
447 2219 486 2262 ex
504 2198 603 2261 animi
627 2200 782 2262 sententia
806 2199 990 2278 contendo,
1009 2197 1165 2290 quod-ab
1187 2197 1280 2263 initio
1294 2219 1357 2286 po-

177 2328 249 2410 sui,
270 2327 456 2392 condensari
472 2326 572 2418 magio
590 2325 739 2392 tenebras
757 2351 857 2418 quam
881 2328 1043 2416 dissipari,
1069 2350 1138 2392 non
1157 2326 1359 2392 serenitatem

181 2454 372 2519 mantis-aod
397 2453 568 2546 caliginem
595 2453 671 2517 bino
688 2454 774 2518 nasei
796 2452 907 2519 solere.
942 2453 1055 2518 Rudis
1073 2451 1243 2520 illa.est.''ot
1269 2451 1355 2518 indi-

149 2660 152 2667 *
182 2597 276 2671 gesta.
293 2580 406 2663 moles,
435 2590 648 2673 oongestaqae
673 2582 786 2648 eodem
809 2604 876 2648 non
894 2582 979 2649 bene
996 2584 1180 2648 iunctarum
1201 2579 1359 2645 discordia

181 2709 445 2790 seminaretum,
457 2707 548 2779 nulli
561 2711 607 2774 rei
628 2733 685 2773 sua
705 2709 809 2775 forma
830 2725 939 2775 manet
953 2725 996 2775 *et
1022 2725 1160 2789 constat,
1183 2731 1260 2773 nam
1285 2730 1358 2772 oor-

178 2839 311 2926 poroin
334 2861 402 2902 uno
419 2852 568 2927 pugnant
584 2851 670 2902 oerta
688 2859 765 2902 cum
790 2838 936 2917 incertis,
952 2837 1026 2903 *sine
1043 2833 1186 2924 pondere
1206 2832 1359 2901 habentia

154 2985 156 2989 ’
178 2964 318 3055 pondua
344 2965 435 3030 Hanc
453 2987 585 3054 quoque
606 2962 696 3029 litem
706 2961 820 3029 melior
829 2979 985 3030 naturaet
999 2961 1358 3045 montemontano,

179 3091 319 3158 etlubet
338 3109 404 3158 tam
420 3091 582 3182 praeclaro
604 3095 691 3183 operi
711 3093 824 3160 sedulo
840 3117 979 3161 menam
995 3091 1175 3160 admovere.
1194 3093 1270 3160 Iam·
1283 3090 1359 3159 alias

179 3242 263 3310 qaae
282 3219 395 3285 eodem
416 3219 584 3286 tenderent
598 3221 686 3310 apud
703 3245 759 3288 vos
765 3245 779 3303 ,·
788 3246 822 3288 va
839 3241 893 3303 ου’
906 3221 1081 3310 disputavi,
1100 3222 1166 3285 iam
1181 3221 1304 3311 primae
1314 3218 1355 3284 li-

180 3370 255 3415 neas
280 3351 373 3438 coepi
396 3348 514 3415 dooere
539 3350 628 3416 unde
649 3350 817 3440 descriptio
840 3349 937 3416 studii
960 3346 1145 3439 philologici
1170 3346 1217 3413 ad·
1231 3344 1357 3435 simpli-

180 3477 307 3541 eitatem
323 3500 361 3541 ao
383 3479 548 3544 veritatem
565 3494 698 3556 naturae
726 3481 843 3568 poterit
855 3477 1040 3568 aliqnando
1064 3477 1235 3545 revooeri.··
1265 3476 1359 3542 Non-

181 3604 262 3670 dum
277 3605 418 3693 poenitet
434 3605 548 3673 dixisse
565 3606 710 3700 linguam
732 3607 889 3674 Graomm
903 3628 982 3671 non
1007 3628 1110 3671 amam
1128 3605 1183 3671 sod
1201 3603 1360 3695 multipli-

181 3755 252 3800 oetn
280 3756 361 3799 esse:
384 3757 450 3801 esse
469 3737 583 3805 seriem
604 3736 808 3830 linguarum,
840 3758 883 3802 ex.
896 3756 963 3801 sose
978 3751 1228 3827 propagatarum
1242 3735 1300 3801 sed
1317 3736 1361 3800 sio

182 3878 221 3927 ut
241 3863 408 3953 ingenium
432 3879 600 3931 sanatura
622 3865 815 3955 procedunto
838 3880 981 3953 tompore
1005 3861 1360 3952 effloruerit-primam,

182 3988 299 4055 deinde
339 3989 575 4082 degeneraverit
606 3994 714 4059 doneo
731 3995 769 4058 in·
789 3993 923 4082 ineptias
948 4007 994 4058 ot
1012 3991 1134 4058 sordes.
1151 3988 1361 4057 delaberetur.

183 4117 373 4208 Numquam
389 4119 631 4209 en·pulohriore
650 4120 760 4212 puella
781 4121 973 4212 procedente
996 4136 1096 4187 aetate
1115 4123 1278 4186 anns'tam
1297 4136 1363 4211 pui-

184 4243 251 4308 tida
272 4261 338 4309 tam
359 4245 450 4312 foeda
479 4263 555 4312 tam·
568 4247 728 4337 decrepita
748 4246 882 4336 prodiit,
906 4263 1003 4336 atque
1029 4268 1131 4312 sermo
1155 4245 1299 4313 Graecus
1324 4269 1363 4312 ex

183 4370 401 4463 pulcherrimo
421 4391 453 4440 et
463 4377 729 4464 praestantissimo
746 4374 850 4440 factus
868 4391 914 4440 est
931 4375 1131 4463 turpissimus
1151 4398 1188 4438 ao
1198 4373 1362 4463 putidissi-

185 4523 268 4566 mus.
304 4501 378 4594 Qui
403 4505 606 4599 coniungunt
627 4506 648 4568 i.
672 4527 698 4569 e.
725 4503 931 4569 confimdunt
960 4527 996 4568 ao
1017 4505 1150 4568 miscent
1176 4517 1289 4566 aetates
1312 4501 1363 4565 di·
1464 4574 1465 4580 ἵ
