3060 5302
503 386 663 434 servisne
686 386 877 432 nertstert
1266 368 1285 431 t

109 561 242 626 Aiacem
261 555 493 645 Sophocleum,
517 574 616 647 quem
633 557 754 623 librum
774 559 917 646 primum
935 554 1046 634 edidit,
1070 556 1124 621 sed
1144 559 1178 620 in
1196 578 1286 621 eom-

111 688 275 755 mentariis
306 684 354 750 ad*
383 684 622 776 Phrynichum,
661 688 695 751 in
728 684 993 774 paralipomenis,
1030 685 1065 749 in
1101 681 1288 773 Pathologia

109 819 242 884 Graeca.
292 814 323 878 Is
339 812 421 877 mihi
443 813 632 902 respondeat
649 812 859 902 profeceritne
882 828 920 878 ex
947 809 1098 902 illa'gara·
1115 810 1289 877 inexhaus-

109 964 163 1010 tae·
179 942 341 1009 doetrinae
356 942 377 1005 i.
398 963 426 1005 e.
448 939 657 1029 dispulerime
675 939 736 1006 sibi
753 939 922 1032 caliginem
940 941 1073 1018 mentis,
1098 960 1181 1029 quae
1200 936 1290 1004 mul-

109 1092 158 1139 tas
177 1071 343 1137 literarum
361 1084 465 1156 partes
488 1070 625 1156 premit,
649 1064 875 1134 exortanesibi
897 1067 936 1132 sit
948 1063 1004 1130 illa
1020 1067 1187 1145 serenitas.
1206 1087 1290 1154 quae

108 1217 276 1290 tamquam
289 1195 387 1278 coeli,
402 1211 449 1262 est
463 1197 691 1287 eogitationum
707 1214 840 1287 quoque
851 1210 883 1260 et
891 1196 1059 1275 orationis,
1073 1195 1108 1258 in
1127 1217 1193 1283 que
1206 1207 1290 1258 reete

109 1329 281 1411 cernimus,
299 1329 416 1414 inqua
436 1324 541 1390 muita
559 1327 720 1390 cernimus
743 1327 787 1389 sie
810 1340 848 1388 ut
864 1322 1049 1415 ambigendi
1071 1321 1292 1412 haerendique

109 1449 254 1516 molestia
280 1476 317 1518 ae
333 1451 505 1518 dubitandi
526 1450 625 1519 veluti
642 1469 746 1518 metus
759 1452 892 1542 quidam
906 1475 943 1517 ae
960 1451 1119 1518 dubitatio
1141 1448 1292 1531 tollatur,

110 1595 155 1643 ut·
170 1596 256 1645 serto
272 1596 303 1647 te
322 1582 456 1672 vestigio
472 1581 642 1647 consistere
667 1581 783 1646 senties
808 1602 911 1669 eaque
931 1577 1030 1644 nullis
1049 1602 1207 1668 umquam
1220 1601 1292 1643 ma·-

110 1706 215 1772 ohinis
233 1708 369 1775 oonuelli
390 1727 422 1776 et
440 1684 618 1802 expugnalri
640 1732 731 1798 posse
749 1706 903 1773 omnibus
919 1708 1035 1773 mentis
1054 1706 1230 1797 iudiciique
1239 1708 1292 1773 ni-

110 1833 206 1900 n'bus
223 1835 389 1928 intelligas.
419 1835 475 1902 Sat
491 1837 555 1901 soie
582 1834 660 1900 alios
682 1836 787 1900 statim
809 1850 995 1925 negaturos,
1025 1831 1103 1911 alios
1126 1831 1210 1914 fore,
1229 1835 1292 1923 qui

111 1964 256 2028 assentiri
282 1961 591 2027 nondumaudeant
609 1960 665 2026 sed
684 1959 941 2050 sensuquodam
959 1958 1097 2025 obscuro
1113 1960 1149 2025 in
1167 1981 1294 2027 summa

111 2090 173 2155 viri
184 2090 361 2155 reverentia
372 2089 435 2152 ia'm
448 2087 574 2155 dudum
590 2089 768 2154 istiusmodi
780 2088 861 2178 quid
873 2089 985 2154 animis
998 2089 1164 2155 senserint.
1185 2087 1292 2177 Farri-

112 2218 189 2283 dom
214 2217 366 2283 audacter
384 2240 423 2283 ex
441 2219 540 2282 animi
564 2221 719 2283 sententie
743 2219 922 2298 contendo,
946 2218 1037 2310 quod
1059 2217 1102 2284 ab
1124 2217 1217 2282 initio
1231 2238 1294 2306 po-

114 2350 183 2431 sui,
207 2348 393 2414 oondensari
409 2348 509 2439 magis
527 2346 676 2413 tenebras
694 2372 794 2438 quam
818 2349 979 2437 dissipari,
1005 2370 1075 2412 non
1094 2346 1296 2412 serenitatem

118 2475 308 2540 mentissed
333 2473 505 2566 caliginem
532 2473 608 2538 hine
625 2475 711 2538 nasei
733 2472 844 2540 solere.
880 2450 992 2539 Rudis
1010 2471 1180 2539 illa.est.st
1206 2472 1292 2537 indi·

120 2617 206 2692 gesta
228 2601 342 2684 moles,
372 2611 585 2694 oongestaque
610 2602 723 2667 eodem
746 2626 814 2668 non
831 2602 916 2668 bene
933 2605 1118 2668 iunctarum
1138 2598 1296 2665 discordie
1395 2676 1398 2681 ⁴

118 2729 382 2811 serumserum,
398 2727 483 2800 nulli
498 2730 544 2794 rei
565 2753 623 2793 sua
643 2728 746 2794 forma
767 2746 875 2795 manet
901 2744 933 2794 et
959 2744 1097 2809 constat,
1120 2751 1197 2793 nam
1222 2749 1295 2792 eor-

115 2880 193 2947 pore
212 2859 248 2923 in
271 2881 339 2923 uno
356 2872 505 2948 pugnant
521 2872 607 2922 certa
625 2879 703 2921 cum
726 2858 873 2937 insertis,
889 2857 963 2922 sine
980 2853 1123 2944 pondere
1143 2853 1296 2921 habentia

114 2985 254 3076 pondus
281 2986 372 3051 Hane
390 3008 522 3075 quoque
544 2983 633 3049 litem
643 2981 757 3049 melior
766 3000 882 3050 natura
891 3000 923 3050 et
936 3005 1027 3048 mens
1036 2983 1143 3049 sanior
1150 2981 1295 3064 dirimet,

115 3129 153 3178 et
162 3112 256 3178 lubet
275 3129 342 3179 tam
357 3112 519 3202 praeclaro
540 3115 629 3204 operi
649 3113 760 3180 sedulo
777 3138 914 3181 manum
932 3112 1112 3179 admovere.
1130 3112 1207 3181 lara
1220 3109 1296 3179 alies

114 3263 200 3330 quoe
219 3240 331 3306 eodem
351 3240 521 3306 tenderent
535 3242 623 3330 apud
640 3266 759 3324 vos,·v.
777 3261 822 3324 e.‚
843 3241 1019 3330 disputavi,
1038 3241 1103 3305 iam
1116 3237 1292 3330 primasii-

116 3391 192 3435 nees
217 3371 309 3459 eospi
333 3369 452 3436 ducere
476 3370 565 3436 unde
586 3372 755 3461 descriptio
777 3370 874 3436 studii
898 3367 1082 3458 philologici
1107 3366 1154 3433 ad
1168 3364 1294 3454 simpli-

116 3498 245 3562 eitatem
260 3520 298 3562 ac
320 3500 485 3564 veritatem
502 3515 635 3566 naturae
664 3501 780 3588 poterit
802 3497 977 3589 aliquando
1001 3498 1172 3564 remeariw
1203 3496 1296 3562 Nen-

118 3624 200 3691 dum
214 3626 356 3714 poenitet
372 3625 485 3693 dixisse
502 3626 648 3720 linguam
669 3627 826 3694 Graecam
851 3648 919 3691 non
945 3648 1047 3692 imam
1065 3624 1120 3691 sed
1139 3622 1298 3714 multipli-

118 3756 190 3820 eem
217 3748 298 3820 esset
321 3778 387 3822 esse
406 3758 520 3824 seriem
541 3757 745 3850 linguarum,
777 3779 821 3822 ex·
834 3778 900 3821 sese
915 3771 1164 3846 propagatarum
1180 3755 1298 3821 sedsie

119 3898 159 3948 ut
179 3883 346 3974 ingenium
369 3899 401 3949 et
420 3901 537 3950 natura
560 3885 753 3976 procedente
776 3901 918 3973 tempore
942 3881 1298 3972 efflorueritprimum,

119 4009 236 4075 deinde
276 4009 513 4102 degeneraverit
543 4013 645 4079 donee
669 4015 706 4078 in
727 4014 861 4102 ineptias
885 4028 930 4077 etv
949 4011 1057 4078 sordes
1088 4007 1298 4077 delaberetur.

120 4137 310 4229 Numquam
326 4139 568 4230 ert-pulehriore
588 4140 697 4232 puella
718 4141 910 4231 procedente
933 4156 1033 4206 aetate
1053 4142 1216 4206 anus'tem
1235 4166 1300 4231 pu—

121 4264 187 4329 tida
209 4281 275 4330 tam
296 4265 388 4332 foeda
416 4283 483 4332 tam
505 4268 665 4357 decrepita
685 4267 819 4356 prodiit,
844 4283 940 4356 atque
967 4290 1069 4332 sermo
1093 4266 1236 4333 Graecus
1261 4289 1300 4333 ex

121 4391 339 4485 pulehenimo
358 4398 666 4484 etpraestantissimo
684 4394 787 4460 faetus
806 4411 852 4460 est
869 4395 1069 4483 turpissimus
1088 4393 1300 4483 aeputidissi-

122 4543 206 4585 mus.
242 4522 316 4615 Qui
340 4526 543 4619 coniungunt
565 4526 585 4588 i.
608 4547 636 4589 e.
663 4523 870 4589 oonftmdunt
897 4546 934 4587 ec
954 4525 1087 4589 miscent
1114 4537 1226 4587 aetates
1249 4521 1300 4585 di·
1401 4594 1403 4599 ⁴
