3060 5302
119 2043 234 2135 Nolite
257 2068 384 2148 mirari,
408 2069 468 2133 viri
489 2064 608 2148 celeb„
632 2068 658 2130 si
685 2089 776 2132 nunc
796 2089 929 2156 quoque
950 2090 989 2132 ex
1009 2090 1045 2132 ea
1067 2082 1156 2155 perte
1177 2067 1300 2132 studio-

117 2220 193 2263 rum
218 2218 381 2276 meorum,
405 2221 423 2260 a
449 2219 515 2286 qua
539 2219 591 2262 me
618 2210 761 2284 tempora
782 2212 813 2260 et
835 2193 1010 2262 lectionum
1035 2194 1301 2264 Academicamm

119 2326 255 2419 rationes
278 2339 429 2403 avocant,
459 2324 626 2414 ingenium
645 2339 678 2388 et
696 2340 811 2389 natura
827 2340 987 2406 revocant,
1010 2325 1031 2389 i.
1049 2347 1080 2390 e.
1102 2325 1144 2390 ad
1163 2323 1302 2391 Graecas
1331 2377 1335 2396 ,

121 2450 225 2526 literas
254 2449 473 2532 illustrandas,
506 2451 548 2516 ad
574 2452 729 2518 rationem
757 2450 990 2518 Grammaticae
1020 2450 1161 2518 Graecae
1189 2474 1301 2516 emen-

125 2581 280 2662 dandam,
304 2595 532 2672 argumentum
545 2579 626 2644 mihi
648 2581 772 2659 sumsi²
790 2579 831 2644 de
849 2604 916 2670 quo
936 2581 979 2644 ita
1002 2579 1043 2646 ad
1066 2603 1122 2646 vos
1142 2578 1299 2658 dicerem,
1336 2591 1338 2596 ’

125 2723 162 2772 ut
191 2725 304 2776 vestras
324 2710 495 2775 sententias
520 2709 584 2774 sive
607 2707 649 2773 ad
666 2707 897 2788 confirmanda,
921 2707 1102 2798 quaemihi
1122 2707 1230 2774 videre
1249 2709 1301 2774 vi-

121 2836 208 2916 deor,
224 2853 257 2903 et
275 2837 437 2918 ornanda,
453 2838 519 2902 sive
537 2852 575 2901 ut
593 2853 753 2903 errantem
771 2837 946 2919 retrahatis,
964 2836 1120 2905 elicerem.
1143 2836 1303 2916 Premunt

118 2965 155 3028 in
175 2962 300 3030 Graeco
320 2987 465 3031 sermone
483 2980 515 3030 et
535 2963 663 3030 Graecis
687 2963 784 3030 literis
811 2964 917 3030 studia
937 2964 1154 3030 Grammatica
1177 2964 1302 3028 saniora

119 3089 321 3158 difficultates
340 3089 532 3182 complures.
555 3089 659 3159 Moles
680 3095 792 3185 ingens
810 3109 857 3159 est
875 3110 907 3160 et
922 3092 1047 3184 farrago
1066 3116 1177 3158 rerum
1193 3090 1300 3157 diver-

119 3221 331 3300 sissimarum,
354 3244 438 3310 quae
457 3219 607 3286 confusae
625 3237 657 3287 et
683 3223 856 3311 permixtae
877 3245 967 3287 nunc
991 3219 1148 3286 laborioso
1169 3209 1302 3284 artifieio
1371 3279 1372 3282 ,
1431 3276 1433 3284 .

119 3350 220 3441 magis
238 3351 333 3415 etiam
351 3352 585 3439 permiscentur
609 3367 641 3416 et
663 3350 921 3416 confunduntur.
968 3350 1163 3439 Numquam¹
1185 3371 1224 3413 ex
1252 3347 1301 3412 his

121 3495 259 3570 emerget
273 3478 489 3544 Grammatica
506 3481 622 3559 sanior,
641 3503 823 3569 numquam
842 3502 911 3543 non
933 3480 1100 3570 ingenium
1118 3476 1302 3541 humanum

120 3605 183 3671 hoc
204 3630 319 3698 genere
337 3610 566 3674 exercitationis
589 3607 789 3672 obtundetur
809 3604 933 3673 facilius
956 3630 1056 3697 quam
1076 3621 1224 3686 acuetur,
1241 3604 1301 3670 do-

120 3756 201 3813 nec,
222 3749 260 3800 ut
291 3735 326 3799 in
348 3732 404 3800 illo
426 3732 636 3827 Anaxagoreo
662 3734 794 3825 placito,
819 3761 923 3826 quum
944 3738 1008 3801 sint
1027 3733 1127 3807 πάντα
1145 3736 1186 3803 rat
1204 3733 1303 3823 noeir-

70 3913 76 3922 .
119 3888 205 3944 ματα
231 3863 323 3946 ὁμοῦ,
349 3862 367 3929 ὁ
393 3867 464 3940 νοῦς
492 3863 596 3932 ἐλθών
621 3860 824 3954 διακοσμήσει.
878 3861 1165 3954 Indignabundus,
1197 3862 1303 3928 dicam
1354 3857 1358 3867 ’

122 3990 210 4054 enim
246 3987 346 4054 libere
387 3989 478 4079 quod
518 3992 635 4072 sentio,
668 4015 745 4056 cum
778 3990 882 4056 taedio
913 4008 945 4056 et
973 3991 1097 4057 fastidio
1132 3991 1216 4058 soleo
1249 3993 1302 4057 in-
1400 4035 1402 4042 ‚

121 4117 241 4205 spicere
277 4134 308 4183 et
342 4117 494 4184 adhibere
525 4116 594 4183 illas
628 4121 752 4208 copias,
790 4113 870 4209 quas
906 4119 1077 4185 doctissimi
1111 4123 1235 4211 quique
1272 4138 1303 4187 et

121 4245 318 4313 celeberrimi
349 4246 643 4313 Grammaticorum
677 4271 767 4314 nunc
803 4246 907 4314 solent
936 4250 970 4314 in
1002 4251 1146 4340 ingentes
1175 4271 1303 4314 acervos

122 4391 283 4441 exstruere
313 4374 355 4440 ad
387 4376 543 4443 rationem
568 4392 599 4442 et
629 4401 726 4454 usum
757 4375 873 4443 Graeci
904 4378 1056 4444 sermonis
1075 4375 1312 4466 explicandum·

123 4504 484 4595 demonstrandumque.
539 4505 629 4574 Nihil
659 4531 716 4598 ego
752 4531 841 4574 nunc
865 4509 1059 4598 antiquiores
1084 4506 1301 4597 reprehendo,

112 4649 116 4658 ι
1108 4636 1124 4667 ἢ·

154 4682 162 4710 l
