3060 5302
183 343 203 404 4
415 347 418 356 ’
481 361 521 406 un
543 360 697 408 onericus
720 359 907 406 sauricum
929 360 1049 407 suasca

182 547 247 615 que
275 542 339 606 cst,
365 527 422 616 qui
435 543 511 624 'tam
537 525 702 590 commode
731 524 851 592 Graece
876 525 1030 620 intelligat
1053 545 1091 594 ut
1119 545 1205 593 certo
1236 527 1357 594 iudicio

182 652 262 743 quid
274 651 434 719 Graecum
456 655 505 735 sit,
519 653 599 744 quid
616 653 744 734 nonsit,
759 656 873 720 sentire
885 671 916 720 et
930 679 1102 750 agnoscere,
1114 656 1222 745 possit,
1240 678 1358 745 quem-

181 778 357 845 admodum
370 777 499 869 plurimi
512 780 606 845 etiam
620 804 710 845 nunc
720 783 755 846 in
766 780 887 846 Latinis
894 779 1025 847 faciunt.
1048 783 1080 847 N
1081 801 1124 847 on
1138 804 1256 871 querar
1264 805 1358 847 nunc

181 907 221 974 de
238 909 343 998 prima
357 931 533 999 puerorum
543 909 577 972 in
588 905 672 973 ludis
681 906 838 975 litterariis
846 910 1053 991 institutione,
1067 932 1267 999 quamquam
1275 909 1357 976 haec

181 1049 227 1099 est
244 1036 348 1122 prima
372 1031 448 1098 mali
469 1031 574 1114 labes,
595 1033 682 1098 unde
709 1036 744 1099 in
772 1032 896 1125 reliqua
925 1035 1029 1101 studia
1057 1051 1089 1100 et
1108 1036 1207 1101 vitam
1225 1033 1357 1127 gliscere

181 1158 309 1242 assolet,
339 1185 444 1251 quum
465 1157 512 1224 illi
532 1183 708 1247 puerorum
736 1162 800 1224 sint
828 1150 987 1242 doctores,
1018 1161 1076 1251 qui
1107 1183 1200 1250 saepe
1226 1163 1287 1250 ipsi
1307 1160 1357 1227 nil

180 1286 270 1377 quod
289 1283 400 1351 stabile
420 1309 457 1350 ac
468 1301 592 1350 certum
611 1287 651 1350 sit
668 1281 778 1351 afferre
798 1302 830 1350 et
846 1309 905 1374 pro
926 1285 1141 1384 fundamentis
1153 1285 1370 1354 substernere·

179 1410 297 1480 valent.
318 1414 403 1480 Huic
420 1411 504 1479 malo
524 1412 599 1478 alias
619 1428 650 1477 et
660 1409 727 1477 aliis
746 1412 885 1477 remedia
895 1412 1079 1503 quaerenda
1089 1429 1200 1495 erunt,
1214 1437 1273 1480 nos
1288 1438 1354 1505 quo

174 1516 325 1630 'serpserit
345 1539 566 1606 indicabimus.
614 1538 869 1642 Inhaeret'enim
895 1541 1010 1618 vitium
1034 1540 1119 1605 idem
1139 1539 1216 1605 hinc
1240 1557 1355 1636 natum

180 1668 319 1750 Criticis,
345 1692 487 1759 quorum
505 1683 551 1733 est
568 1681 779 1732 monumenta
801 1664 941 1732 Graecae
963 1666 1170 1731 humanitatis
1187 1666 1355 1733 emendata

178 1812 210 1862 et
230 1798 265 1862 in
287 1797 453 1885 pristinam
477 1794 685 1859 sinceritatem
708 1792 849 1867 restituta
867 1795 995 1858 caeteris
1013 1792 1147 1887 legenda
1161 1818 1352 1884 proponere.

178 1922 344 1990 Feruntur
364 1925 450 1989 enim
472 1923 577 1989 adhuc
600 1923 715 2011 scripta
731 1921 929 1988 Graecorum
946 1923 1123 1988 innumeris
1142 1919 1244 1987 obsita
1258 1947 1355 1990 men-

178 2049 239 2131 dis,
265 2049 386 2142 quibus
405 2074 473 2116 non
488 2067 616 2117 tantum
629 2048 783 2143 elegantia
801 2050 915 2118 Graeci
937 2052 1057 2142 ingenii
1079 2067 1245 2142 tamquam
1262 2051 1356 2118 nube

176 2175 372 2258 obfirscatur,
395 2177 450 2242 sed
475 2178 692 2267 corrumpitur
714 2179 880 2261 iudicium,
900 2179 989 2269 quod
1011 2149 1166 2270 ingeniosi
1187 2179 1355 2268 scriptores

176 2326 289 2370 acuere
308 2302 501 2386 debuissent,
515 2307 697 2387 notionum,
721 2305 909 2389 formarum,
922 2307 1190 2409 significationum
1204 2308 1285 2372 mira
1300 2309 1355 2374 in-

128 2417 132 2423 ’
176 2432 351 2496 constantia
372 2448 403 2496 et
421 2434 582 2512 varietate,
605 2458 689 2524 quae
701 2451 790 2500 tanta
806 2452 900 2502 estut
916 2434 998 2502 nihil
1009 2460 1076 2502 non
1087 2433 1212 2501 licuisse
1221 2434 1354 2502 Graecis

176 2558 374 2625 Graecorum
392 2561 582 2650 scriptorum
605 2560 817 2628 celeberrimis
839 2560 1065 2652 interpretibus
1076 2562 1175 2628 videri
1196 2562 1353 2629 videatur.

174 2684 265 2753 Nihil
284 2704 330 2753 cst
348 2703 414 2752 tam
442 2711 565 2755 novum
585 2705 617 2754 et
638 2689 794 2772 insolens,
823 2691 913 2780 quod
937 2714 1005 2757 non
1025 2688 1177 2779 exemplis
1202 2687 1353 2757 alicunde

174 2816 346 2902 expromtis
370 2813 552 2879 confirmari
573 2837 664 2904 posse
686 2831 832 2905 putetur:
855 2833 956 2882 tantas
968 2819 1055 2881 enim
1064 2840 1128 2882 esse
1146 2839 1221 2906 opes
1234 2815 1353 2884 Graeci

174 2943 346 3021 sermonis,
387 2956 453 3006 tam
492 2941 693 3008 inexhaustas
731 2942 855 3008 divitias
881 2960 920 3008 ut
947 2941 1030 3008 nihil
1062 2967 1221 3034 umquam
1253 2945 1351 3027 desit,
1429 3012 1431 3019 ,

175 3090 241 3158 quo
257 3070 329 3160 quis
347 3068 431 3134 bene
454 3093 491 3135 ac
513 3085 597 3135 recte
618 3072 665 3135 uti
684 3093 717 3134 se
735 3093 825 3160 posse
849 3049 1013 3137 existimet.
1027 3071 1103 3137 Non
1121 3072 1147 3136 is
1162 3095 1235 3136 sum
1255 3072 1351 3161 equi-

174 3194 258 3278 dem,
292 3198 349 3285 qui
376 3197 415 3263 de
436 3199 533 3286 copiis
554 3197 752 3266 Graecorum
773 3197 953 3288 quidquam
976 3197 1159 3279 detraham,
1184 3197 1239 3262 sed
1267 3197 1350 3266 male

174 3339 211 3390 et
223 3325 344 3414 inique,
365 3350 448 3415 quae
470 3324 648 3392 multorum
664 3327 815 3408 suntpad
836 3349 941 3392 unum
958 3326 1064 3411 omnia
1085 3325 1198 3391 deferri
1216 3343 1350 3391 conten-

145 3490 149 3497 ·
174 3449 226 3516 do.
261 3452 384 3541 Nempe
402 3469 602 3540 compertum
623 3453 702 3517 mihi
722 3471 768 3520 est
788 3455 831 3520 sic
856 3452 987 3517 demum
1008 3452 1047 3518 de
1062 3451 1175 3519 Gracci
1196 3444 1349 3519 sermonis

89 3673 93 3680 Ι
174 3580 306 3661 ratione,
328 3581 528 3670 proprietate,
550 3605 613 3648 usu
636 3598 719 3648 recte
742 3581 912 3647 existimari
933 3603 1032 3669 posse,
1056 3583 1083 3646 si
1101 3583 1136 3646 in
1149 3581 1251 3645 varias
1271 3606 1348 3669 par-

143 3757 145 3761 .
174 3721 219 3772 tes
242 3722 274 3771 et
302 3723 416 3773 aetates
444 3708 619 3799 descriptus
639 3733 707 3797 non
731 3733 817 3774 unus
843 3724 903 3773 nec
925 3705 1077 3796 simplex,
1100 3706 1155 3772 sed
1178 3705 1349 3796 multiplex

173 3848 205 3898 ct
224 3834 329 3898 varius
351 3833 534 3917 habebitur,
558 3837 648 3926 quod
669 3837 838 3903 discrimen
860 3832 1015 3901 nonleve
1028 3856 1088 3899 nec
1106 3834 1276 3925 exiguum,
1293 3833 1348 3900 scd

173 3975 300 4026 tantum
321 3985 385 4027 esse
407 3962 596 4051 ponendum
619 3978 734 4046 statuo,
761 3979 799 4035 ut
818 3986 878 4051 pro
899 3984 965 4026 una
985 3958 1239 4052 lingua-Graeca
1259 3985 1347 4026 com·

173 4085 281 4177 plures
302 4060 426 4171 indole,
447 4091 585 4182 ingenio,
607 4107 724 4156 natura
746 4111 876 4179 prorsus
897 4061 1037 4153 diuersae
1059 4103 1250 4166 statuantur,
1269 4084 1346 4149 adeo

139 4280 140 4284 ,
172 4230 218 4278 ut
233 4214 330 4297 nihil,
361 4216 450 4305 quod
479 4219 519 4282 sit
544 4214 682 4299 alterius,
713 4219 781 4283 sine
812 4217 900 4308 gravi
923 4238 1028 4280 errore
1059 4215 1140 4304 quin
1163 4215 1258 4278 etiam
1279 4211 1347 4305 sine

170 4339 306 4407 ridiculo
326 4344 403 4408 vitio
426 4344 468 4408 ad
488 4342 619 4410 alteram
643 4345 725 4411 trabi
743 4346 850 4434 possit.
888 4343 1070 4432 Dispescere
1091 4339 1205 4407 Graeci
1226 4361 1348 4404 sermo-

171 4470 222 4535 nis
248 4493 344 4535 usum
372 4471 405 4538 in
436 4472 535 4535 varias
563 4474 682 4558 patrias·
700 4490 731 4538 et
755 4488 869 4539 aetates
893 4488 932 4538 ut
950 4494 1017 4534 non
1035 4468 1113 4534 adeo
1134 4463 1262 4533 difficile
1283 4491 1348 4533 esse
