3060 5302
175 357 216 418 ll
374 377 376 379 ·
476 371 516 416 or
539 369 741 416 oneremus
764 367 877 416 cetum
898 369 1052 416 eunucus

99 579 101 582 ⁴
173 536 337 607 vocabulis
359 535 462 600 Graiis
484 557 678 631 expressum
733 532 807 596 Non
834 530 1004 611 Aelianus,
1019 555 1093 608 'non
1113 533 1293 602 Favorinus
1310 536 1352 602 ab

172 665 228 733 illa
250 663 324 732 labe
343 666 519 744 immunes,
547 687 589 729 ne
608 664 651 728 sio
675 661 808 751 quidem
827 677 865 725 ut
886 660 1084 750 turpioribus
1103 664 1186 728 vitiis
1205 681 1352 743 careant3

172 793 331 886 siquidem
355 764 397 858 ‘ut
425 791 487 857 hoc
516 806 590 855 utar
620 781 817 876 mordeor,
836 780 975 857 θανᾶτου
1004 793 1168 879 potuerint
1199 792 1355 876 scribere,

171 918 445 1013 nunloogitabant
460 926 574 1006 capitis
587 917 755 983 domamus
770 928 837 996 cst,
864 939 969 1004 quum
982 920 1061 985 ratio
1074 937 1107 986 et
1126 943 1202 986 usus
1223 919 1357 1013 linguae

172 1050 314 1139 requirat
331 1046 421 1137 quod
442 1042 489 1110 illi
517 1045 653 1134 antiqui·
676 1040 859 1108 scribebant
887 1045 1015 1130 θάνατος
1034 1051 1131 1119 αὐτοῦ
1149 1047 1358 1139 κατεγνώσθη.

173 1174 282 1245 Nihilo
298 1176 397 1264 magis
423 1172 560 1237 Romani
588 1173 622 1234 in
642 1170 685 1237 'ea
716 1193 753 1236 re.
777 1172 1001 1262 impingebant
1022 1200 1122 1268 quam
1142 1179 1273 1245 Graeci:
1297 1204 1360 1271 age

173 1328 248 1370 men
278 1301 571 1369 Grammaticorum
600 1297 814 1364 scribentibus
842 1315 1010 1388 praecepta
1035 1317 1180 1388 ponunt:
1205 1325 1357 1391 comper.

174 1450 243 1499 tant
261 1429 371 1498 sedulo
391 1430 536 1519 undique
556 1429 734 1495 materiam:
759 1427 934 1509 ostendunt
945 1428 1027 1518 quid
1038 1445 1158 1495 veteres
1175 1446 1208 1495 et
1226 1429 1356 1519 probati

173 1563 339 1650 scriptores
366 1558 470 1624 dicere
495 1555 632 1623 soleant:
657 1555 832 1622 admonent
852 1555 1131 1622 derecentiorum
1152 1574 1305 1646 corrupto
1324 1574 1357 1627 et

172 1686 284 1756 vitiosa¹
302 1685 535 1754 consuetudine
554 1685 610 1752 eod
629 1707 726 1750 nemo
748 1686 782 1749 in
801 1684 850 1750 his
880 1685 1001 1776 ingenii
1018 1681 1103 1750 fama
1120 1701 1151 1750 et
1169 1684 1280 1751 iudicii
1301 1688 1356 1752 in-

173 1815 304 1898 claruit,
325 1813 421 1882 multi
438 1813 543 1880 multa
563 1812 764 1895 inconsulto,
787 1811 890 1879 multa
910 1829 1028 1879 temere
1042 1814 1265 1902 presumunt,
1287 1837 1357 1881 non

173 1947 245 2013 satis
273 1946 357 2011 inter
382 1967 414 2010 se
438 1943 639 2030 conspirant:
663 1965 732 2008 non
760 1942 833 2007 satie
854 1938 1040 2032 diligentiae.
1056 1939 1211 2006 adhibent
1234 1957 1266 2006 et
1288 1965 1358 2032 quo
1390 1927 1397 1938 “

173 2090 250 2140 sunt
263 2071 470 2149 morosiores,
492 2091 531 2135 eo
562 2067 666 2134 solent
693 2092 758 2134 esse
780 2069 999 2156 imperitinres.
1045 2069 1161 2135 Facete
1190 2070 1357 2136 Lucienus

173 2200 298 2266 inducit
316 2195 548 2264 laetabundum
574 2212 659 2262 recte
689 2219 836 2286 pureque
863 2176 990 2262 dicendi
1015 2197 1219 2287 magistrum,
1242 2199 1359 2287 quise

173 2328 319 2418 quemvis
344 2323 566 2392 soloecismum
584 2325 691 2390 statim
708 2323 946 2413 deprehendere
961 2346 1057 2412 posse
1074 2322 1239 2415 gloriatur.
1286 2325 1357 2394 Lu-

173 2459 283 2522 cienus
303 2471 341 2520 ut
356 2456 534 2522 vanitatem
552 2453 691 2518 hominis
717 2454 862 2518 ostendat
889 2452 966 2518 alios
989 2477 1031 2518 ex
1056 2451 1124 2518 aliis
1155 2451 1358 2520 soloecismos

174 2609 212 2651 ex
235 2585 399 2651 communi
419 2605 565 2648 sermone
590 2555 780 2663 committitg
800 2605 942 2672 quorum
966 2579 1014 2646 illi
1038 2578 1121 2646 nihil
1154 2579 1283 2647 subolet
1289 2631 1308 2663 ,.
1325 2598 1358 2647 at

173 2715 264 2806 quod
290 2715 446 2804 imprimis
477 2712 798 2780 animadvertendum
820 2736 905 2804 quae
932 2714 1095 2779 Lucienus
1128 2715 1163 2778 in
1190 2709 1245 2776 illo
1270 2709 1359 2777 libro

173 2841 280 2908 multo·
305 2841 369 2908 sale
395 2840 543 2932 perfricat
567 2844 720 2908 sermonis
744 2844 835 2922 vitia,
856 2852 923 2933 apri
943 2811 1094 2909 iunctum
1117 2867 1195 2908 oum
1223 2841 1356 2922 futuro,

173 2966 195 3040 o‘i
215 2971 273 3055 μέν
292 3013 333 3025 -
351 2964 374 3037 o‘i
392 2971 429 3039 dd
447 2994 508 3059 pro
540 2967 695 3050 articulis,
719 2977 826 3056 ὄφελον
849 2966 970 3063 δυνήσῃ
989 2995 1049 3060 pro
1067 2978 1171 3060 dociae
1189 2971 1358 3041 euasero

171 3121 240 3163 non
268 3095 399 3163 difficile
411 3095 494 3162 foret
508 3095 622 3164 eadem
636 3099 712 3164 vitia
735 3101 834 3188 ipsius
856 3097 1080 3191 elegantissimi
1097 3101 1262 3189 scriptoris
1290 3115 1357 3165 tes*

123 3321 126 3324 ‚
173 3222 534 3292 timoniisconfirmare.
579 3225 670 3307 Vim·
685 3225 913 3315 exemplorum*
929 3228 965 3293 in
988 3216 1101 3295 eodem
1122 3226 1207 3292 libro
1238 3250 1357 3316 expro-

172 3358 249 3437 mit,
280 3353 369 3420 unde
398 3370 531 3442 apparet
554 3376 654 3444 qnam
678 3353 875 3448 negligenter
898 3379 1001 3445 quam·
1026 3356 1138 3446 putide
1164 3373 1236 3421 tum
1255 3352 1358 3446 vulgo

171 3480 393 3574 loquerentur.
421 3479 526 3547 Affert
552 3481 737 3572 exemplum
758 3483 895 3550 Socratis
925 3484 1111 3565 cuiusdam,
1134 3484 1193 3573 qui
1224 3483 1358 3547 comiter

172 3627 205 3678 et
234 3609 343 3677 festive
371 3612 525 3676 sermonis
554 3613 631 3678 vitia
659 3610 772 3678 soleret
803 3613 1007 3705 redarguere:
1031 3629 1063 3676 at
1085 3613 1153 3700 ipso
1181 3610 1216 3674 in
1243 3609 1357 3696 pedar-

172 3738 302 3830 guendo
342 3738 431 3804 haud
467 3737 570 3804 multo
602 3739 717 3806 melius
744 3741 915 3830 respondet
943 3740 1109 3832 quaerenti
1137 3737 1249 3827 πηνίκα
1267 3736 1359 3818 ἔξεισι

172 3890 232 3954 pro
251 3866 335 3946 noer,
354 3866 510 3955 quoniam
525 3865 588 3932 hoc
605 3866 646 3932 de
664 3883 808 3956 tempore
817 3916 827 3950 ,
852 3840 997 3934 illud-de
1017 3867 1098 3932 hora
1118 3865 1180 3931 diei
1199 3865 1280 3955 poni
1298 3864 1357 3930 de·

172 3991 239 4075 bet,
255 3992 398 4084 subjicit:
418 3995 464 4072 τίς
489 3994 547 4082 yolo
570 3991 609 4061 dv
637 3991 816 4085 ἀπὸκρῶείη
841 4019 888 4064 σοι
912 3996 954 4075 oie
979 3991 1107 4085 τήμερον
1128 3991 1225 4073 ἐξιών.
1246 3990 1355 4079 atqui,

173 4145 193 4185 o
214 4120 315 4201 bone,
346 4138 442 4186 tuum
469 4121 650 4212 ἀποκριθείη
672 4145 731 4210 pro
760 4125 954 4212 ἀποκρίναιτο
982 4145 1050 4189 non
1090 4123 1200 4186 minus
1228 4118 1354 4183 ridicu·

173 4244 244 4311 lum
264 4263 310 4312 est
341 4271 442 4339 quam
461 4251 573 4339 πηνίκα
602 4273 661 4340 pro
681 4251 767 4320 ωότε.
810 4252 850 4315 In
868 4250 1078 4341 sequentihus
1100 4247 1238 4339 plurima
1268 4243 1356 4308 idem

173 4376 373 4467 perstringit,
400 4400 485 4468 quae
514 4376 556 4444 ab
582 4376 735 4445 Atticistis
760 4377 911 4445 omnibus
940 4381 1074 4469 impune
1094 4374 1196 4442 solent
1213 4374 1354 4462 peccari:

174 4502 348 4595 προκόπτειν
368 4503 494 4572 dicebat
512 4503 637 4597 aliquis.
661 4505 768 4589 Plato,
792 4508 915 4598 inquit,
940 4507 1002 4573 hoc
1023 4502 1161 4596 appellat
1181 4499 1357 4574 ἐπιδιδόναι.
