3060 5302
168 333 209 398 tt
450 354 488 397 uu
512 352 665 399 ousuotu
690 351 876 399 instruunt
898 348 1016 400 astuci

167 540 217 588 tra
246 523 280 590 in
302 525 431 591 veritato
457 527 611 590 sermonis
636 522 809 607 naturalis,
831 532 940 616 quein
954 521 1353 606 ditura'“²iundit,³'tueiis

167 671 206 716 ac
225 649 305 713 ratio
325 664 526 738 componunt
545 650 601 715 sed
622 651 664 714 ita
685 666 723 716 ut
744 644 1113 740 sponteomtitt‘tssuuut
1126 652 1352 740 atque'iiiiu‘sss

167 776 307 867 quisque
334 775 468 842 audiens
486 774 538 842 vel
567 772 677 868 legens
702 779 737 843 in
769 740 916 845 animum
947 777 1079 844 inducat
1092 776 1249 860 ‘sesea'si’
1265 774 1354 847 ictui

168 902 274 969 dicere
292 902 470 982 debuisset,
499 924 567 973 non
591 901 682 970 aliter
700 916 800 996 quam
821 909 865 972 sic
881 905 976 972 fuisse
994 905 1169 971 dicturum
1190 902 1354 996 ffl‘ffll

168 1030 251 1098 culis
268 1030 474 1123 'quibusdam
494 1047 640 1097 veterum
660 1037 840 1100 carminum
858 1052 944 1125 quae
965 1035 999 1098 in
1020 1016 1356 1100 Iliade'toittineflt'ul

168 1159 304 1227 auditur
321 1157 376 1225 ilia
395 1175 529 1225 naturae
548 1183 626 1238 vox,
648 1160 789 1225 naturali
818 1184 963 1227 sermone
986 1160 1069 1225 edita
1079 1149 1087 1189 ³
1091 1164 1189 1252 'quad
1208 1162 1355 1252 quine-²

74 1271 77 1274 Δ
166 1310 246 1378 μω
268 1286 311 1352 ab
337 1279 493 1352 artificiali
512 1303 543 1352 et
562 1310 639 1354 voce
655 1305 688 1353 et
705 1291 847 1382 oratione
868 1286 992 1355 differat
1012 1267 1220 1378 aliae‘pai‘tei
1239 1292 1354 1354 edidiii

168 1415 352 1480 carminum
373 1416 447 1479 satis
467 1412 638 1479 declarant.
686 1413 868 1504 Componat
883 1415 963 1479 milti
978 1413 1095 1505 aliquis
1110 1406 1355 1482 Autlturuaoht‘s

139 1531 142 1539 ’
171 1541 271 1610 verba
292 1541 333 1607 ad
355 1542 524 1607 Hectorem
546 1541 630 1607 libro
650 1542 711 1624 VI,
733 1568 809 1608 cum
830 1543 971 1609 eiusdem
985 1541 1132 1608 lamentis
1155 1544 1190 1607 in
1212 1540 1355 1609 extieino

169 1674 322 1738 carmine.
346 1670 380 1739 Si
401 1673 475 1762 quis
497 1695 534 1738 ea
555 1673 697 1738 eiusdem
723 1673 886 1761 temporis,
898 1669 1040 1736 eiusdem
1057 1656 1356 1760 politae'ex'i'stitna-

171 1798 221 1864 bit
242 1820 318 1881 esse,
343 1822 404 1864 nae
423 1821 482 1890 ego
502 1798 550 1865 illi
574 1799 691 1865 frustra
714 1823 823 1865 veram
841 1798 987 1890 linguam
1013 1797 1240 1864 Graecamub·
1253 1797 1357 1864 astitit

171 1923 245 1991 ciali
272 1925 466 2018 distinguere
488 1923 626 1994 voluisse
650 1929 793 1994 videbor.
838 1929 903 1997 Sed
923 1943 1075 2018 properat
1092 1928 1218 1992 animus
1240 1928 1275 1992 in
1290 1927 1358 1994 ‘Atz

172 2054 283 2135 ticam,
317 2052 376 2121 ubi
406 2053 461 2122 illa
484 2054 595 2122 iloruit
620 2057 716 2122 dictio
743 2059 775 2121 in
808 2079 862 2122 ore
887 2057 983 2120 totius
1003 2053 1135 2144 populi,
1160 2070 1252 2144 quae
1270 2054 1358 2120 nihil

87 2168 101 2258 ¹,
173 2177 294 2248 alienae
319 2184 389 2270 opis
416 2184 543 2276 indiga,
572 2187 636 2251 suis
659 2187 727 2274 ipsa
757 2185 874 2249 divitiis
894 2199 1006 2272 potens
1025 2200 1067 2246 ‘eo
1095 2179 1264 2270 pulchrior
1277 2190 1357 2263 est,

173 2332 276 2400 eoque
297 2312 427 2378 suavius
456 2310 554 2376 afficit
576 2313 753 2391 audientes,
784 2335 851 2401 quo
873 2311 973 2403 magis
989 2308 1211 2376 'est'abomni
1228 2309 1360 2374 erudito

171 2434 304 2503 artificio
321 2455 452 2504 remota.
483 2439 556 2528 Ipsa
574 2454 690 2503 natura
709 2438 838 2502 videtur
858 2435 979 2502 Atticos
997 2436 1081 2503 hene
1104 2461 1143 2501 ac
1156 2436 1360 2504 terse‘dicere

171 2566 331 2634 docuisse:
351 2565 433 2633 nihil
453 2556 499 2633 esi
517 2569 550 2632 in
568 2565 622 2632 illo
648 2588 791 2633 sermone
817 2550 1009 2656 quaesitum,
1029 2563 1360 2654 affectatum,¹nouip'-

172 2711 254 2760 tum.
279 2693 385 2762 Suum
405 2711 452 2761 est
474 2697 592 2784 cuique
614 2695 657 2758 rei
670 2714 800 2774 nomen,
816 2717 872 2758 sua
895 2708 941 2758 est
955 2689 1089 2783 singulis
1108 2688 1358 2783 cogitationibus

172 2839 210 2887 ac
231 2824 390 2891 sententiis
410 2821 526 2886 forma:
559 2823 641 2886 inest
668 2823 701 2884 in
727 2820 783 2885 illo
804 2790 966 2900 terrisono,
989 2821 1080 2885 utin
1110 2786 1200 2885 omni
1218 2817 1358 2885 cultiote

173 2973 211 3014 ac
233 2949 391 3039 pet-polita
413 2948 524 3040 lingua
552 2951 646 3013 anxia
672 2949 831 3038 quaedam
854 2964 885 3013 et
904 2945 1029 3038 elegans
1053 2951 1233 3028 morositas·
1254 2926 1361 3037 quatit

173 3075 226 3143 vel
242 3076 397 3145 levissum
418 3098 567 3167 quaeque
587 3074 765 3141 offendunt.
791 3076 960 3166 Quidquid
980 3077 1192 3156 innovaveris,
1207 3086 1360 3141 mutave·

171 3207 228 3285 ris,
254 3206 500 3295 transposueris,
530 3208 645 3271 vitium
674 3220 732 3286 est,
764 3227 831 3271 non
863 3221 902 3271 ut
924 3205 1086 3272 Graecum
1114 3224 1182 3268 non
1204 3205 1244 3268 sit
1265 3198 1360 3294 quod

174 3333 290 3399 dixeris
314 3334 369 3401 sed
396 3349 522 3400 utnon
552 3333 708 3400 Atticum.
754 3311 947 3399 Incredibsse
977 3333 1065 3398 dictu
1092 3349 1138 3397 est
1166 3344 1290 3423 quanta
1304 3333 1362 3397 ¹sit

174 3459 350 3527 multitudo
377 3485 501 3545 rerum,
532 3489 612 3553 quas
641 3465 724 3528 inter
752 3461 956 3553 loquendum
978 3460 1076 3525 Attici
1098 3459 1266 3551 diligenter
1283 3458 1358 3524 ὀἱδὶ

174 3605 310 3671 servent,
336 3613 435 3680 quam
457 3592 548 3656 arctis
573 3589 711 3657 vinculis
734 3589 972 3654 consuetudinis
990 3587 1114 3653 Atticae
1132 3587 1358 3678 coustringun-

176 3728 242 3798 iur,
266 3734 389 3786 utnon
418 3721 478 3787 hac
504 3720 639 3788 sed'illa
659 3720 760 3786 sonna
779 3718 928 3786 vocabuli
956 3735 1039 3784 recte
1058 3719 1105 3783 uti
1126 3714 1270 3804 possint}
1284 3723 1360 3780 ¹'nou

176 3844 236 3910 hoc
266 3847 321 3913 sed
344 3845 429 3913 illud
455 3848 651 3915 vocabulum
676 3847 760 3913 bene
790 3872 946 3936 usurpare
971 3846 1082 3926 liceat,
1105 3858 1213 3934 neque
1227 3842 1275 3906 'id
1295 3842 1359 3908 iroe

61 4029 63 4034 ,
174 3974 230 4040 sed
250 3974 306 4041 illo
334 3974 404 4043 loco
423 4002 552 4068 ponere,
581 3997 617 4044 ut
644 3980 789 4044 Atticum
807 3993 886 4042 esset
905 3977 997 4068 quod
1019 3977 1173 4042 dicerent.
1200 3968 1356 4037 flaccilli

175 4108 284 4170 omnia
305 4109 339 4172 in
365 4109 501 4174 dicendo
526 4132 593 4174 non
616 4106 721 4173 studio
744 4121 915 4188 sectantur,
939 4128 1007 4171 non
1029 4102 1212 4196 diligentia·,'
1226 4096 1287 4164 'sed
1301 4097 1355 4160 iu-

176 4236 274 4301 situm
304 4260 322 4299 a
347 4251 461 4301 natura
498 4252 560 4317 est,
584 4252 621 4300 ut
645 4231 694 4298 nil
713 4233 775 4296 nisi
797 4256 912 4297 sanum
942 4231 1024 4298 serre
1045 4244 1173 4320 possent
1195 4228 1299 4292 autes
1323 4238 1357 4289 et

178 4376 311 4430 mentes.
357 4365 441 4429 Mira
467 4386 514 4431 res
532 4381 585 4434 est
607 4386 643 4428 ac
669 4384 770 4452 paene
785 4359 982 4426 incredibilis
1002 4361 1039 4424 iis
1068 4373 1166 4435 cene,
1186 4357 1244 4446 qui
1258 4353 1360 4443 patrii

176 4495 328 4560 sermonis
349 4494 559 4560 sinceritatem
583 4493 776 4558 audiverunt
796 4489 837 4556 ab
859 4490 975 4555 teneris
996 4481 1179 4577 unguiculis
1200 4482 1360 4572 deprava-
