3060 5302
247 351 288 414 16
356 368 396 414 DE
419 365 616 413 slucnnmrn
639 362 750 409 cnunc!
773 362 925 410 snnttottts
948 362 1107 408 GRAVITER
1131 362 1325 410 DBPRAVATA.

244 560 370 618 omncs,
389 541 426 600 ut
441 535 543 600 omnis
555 531 737 623 ambigendi
759 529 847 597 locus
867 530 1007 597 tollatur.
1029 531 1097 598 Ubi
1114 531 1210 599 semel
1229 550 1321 600 testes
1330 531 1423 599 locu-

239 664 342 755 -pletes
375 662 589 738 consentient,
633 658 887 724 dissentientium
920 657 1011 724 nulla
1050 662 1130 724 ratio
1164 663 1224 727 crit
1259 663 1419 733 habenda.

182 863 196 889 ἡ
243 793 393 861 Scribant
415 788 642 881 et'loquantur
661 789 750 879 quod
767 787 875 854 lubet:
899 812 968 853 non
989 806 1124 880 pergent
1145 790 1240 855 nohis
1266 794 1424 859 sinceram

244 937 275 986 ct
297 921 471 1011 genuinam
491 918 703 984 Graecitatem
721 917 956 998 contaminare,
976 941 1044 982 non
1060 916 1103 982 ab
1121 917 1171 984 his
1189 918 1309 984 discere
1328 921 1423 1008 cupi-

243 1072 316 1114 mus
335 1049 390 1114 scd
411 1047 455 1114 ab
472 1049 665 1149 inccmuptis
682 1046 869 1113 Graecitatis
885 1044 1082 1123 auctoribus,
1104 1047 1162 1136 qui
1181 1043 1238 1110 uhi
1259 1044 1374 1126 semel,
1386 1064 1425 1111 ut

243 1198 386 1264 aequum
403 1192 434 1241 et
464 1178 584 1242 iustum
611 1192 668 1256 est,
692 1170 749 1239 soli
766 1173 948 1255 audientur,
971 1196 1053 1262 quae
1074 1153 1165 1238 nunc
1192 1173 1281 1240 fluxa
1306 1191 1338 1240 ct
1368 1177 1423 1241 in·
1474 1145 1477 1148 Δ

129 1372 132 1382 ,
236 1321 328 1371 certa
354 1306 512 1370 iactantur
534 1306 706 1393 consistent
736 1301 911 1392 aliquando
939 1317 971 1367 et
995 1316 1080 1366 certa
1105 1317 1200 1366 erunt
1223 1318 1265 1368 :ct
1295 1304 1424 1394 ingenia

245 1431 413 1511 iuvenilia,
436 1456 502 1522 qua
520 1456 609 1498 nunc
630 1434 665 1496 in
691 1432 748 1496 ista
777 1404 970 1519 cpinionnm
993 1427 1171 1495 diversitate
1199 1447 1230 1495 et
1256 1455 1423 1497 commcn-

206 1573 208 1576 ’
244 1575 353 1624 torum
373 1560 464 1648 copia
483 1557 712 1624 obtunduntur
719 1607 732 1641 ,.
740 1557 784 1645 ad
793 1556 884 1623 illum
902 1555 1010 1623 lucem
1029 1554 1151 1622 claram
1170 1573 1202 1622 et
1220 1556 1424 1647 splendidam

209 1746 211 1751 .
244 1687 334 1779 quod
355 1710 459 1753 unum
474 1688 621 1753 omnium
637 1709 747 1752 rerum
762 1686 981 1754 humanarum
996 1682 1264 1752 iucundissimum
1282 1704 1313 1752 et
1323 1710 1424 1776 prope

245 1815 391 1884 divinum
412 1832 458 1882 cst
471 1830 665 1893 assuescent,
684 1838 797 1881 verum
822 1812 941 1894 videre.
