3060 5302
543 361 703 407 enavrrnu
725 362 921 408 reservire.
1300 348 1321 412 9

140 524 303 617 praeclara
319 526 447 592 cuidam
466 527 583 593 videri:
607 543 639 591 at
664 550 759 592 nemo
781 527 969 610 mirabitur,
994 534 1052 621 qui
1074 533 1248 599 Menandri
1269 557 1327 599 re-.

139 654 254 746 liquias
282 651 433 745 perlegit,
465 650 635 721 versiculos
664 671 730 721 tam
761 654 959 748 negligenter
981 660 1112 750 scriptos
1143 663 1261 750 raptim
1288 677 1320 727 et

137 799 255 850 temere
275 803 340 847 esse
363 780 528 847 conflatos.
573 781 640 847 Nec
666 796 793 851 tautum
812 801 1000 850 ornamenta
1016 786 1166 852 orationis
1181 803 1213 853 et
1230 785 1326 853 Atti..

137 936 209 976 cam
228 907 435 1000 'elegantiam
462 907 631 975 desideres:
666 908 731 972 iam
766 923 837 976 tum
858 893 1134 1000 nonsatispura‚¹¹
1157 917 1320 980 nonsatis

137 1038 260 1104 Graeca
277 1045 388 1125 poetae
406 1036 507 1101 oratio
522 1050 584 1101 est:
605 1034 730 1114 sordes,
753 1038 847 1118 vitia,
860 1038 1052 1135 negligentia
1070 1059 1101 1107 et
1116 1040 1159 1107 ab
1180 1045 1321 1135 antiquis

138 1149 264 1233 Criticis
291 1167 326 1230 in
343 1162 527 1229 Menandro
557 1161 801 1250 reprehenditur
808 1188 821 1246 ,·
852 1168 925 1233 satis
955 1185 1097 1256 superest
1123 1169 1320 1262 fragmento-

137 1321 212 1361 rum
242 1300 287 1361 ut'
305 1313 337 1362 et
361 1296 423 1384 ipsi
447 1292 679 1383 reprehendere
707 1296 872 1382 possimus.
918 1296 1041 1364 Eadem
1067 1301 1102 1364 in
1131 1300 1320 1369 Philemone

136 1425 347 1519 negligentia,
381 1425 492 1492 eadem
526 1427 561 1489 in
590 1427 720 1490 caeteris
751 1427 850 1514 poetis
874 1428 910 1490 in
945 1427 1050 1492 media
1084 1427 1191 1494 Attica
1225 1432 1319 1496 natis.

136 1555 216 1620 Mox
232 1554 394 1622 Graecitas
414 1559 461 1622 ire
482 1558 587 1645 coepit
604 1578 753 1644 praeceps
767 1571 800 1619 et
822 1557 924 1621 oratio
941 1555 1072 1645 populi,
1098 1581 1199 1648 quam
1220 1583 1317 1648 opor·

137 1697 381 1772 tetperennem
410 1682 532 1749 fontem
553 1705 618 1748 esse
646 1681 733 1746 unde
760 1681 844 1746 docti
872 1685 1012 1773 sapiant,
1040 1702 1106 1751 tam
1131 1687 1257 1753 sordida
1287 1705 1324 1753 et·

136 1829 292 1901 corrupta·
309 1831 383 1878 esse.
401 1812 520 1900 coepit,
550 1787 597 1874 ut*
610 1808 813 1900 elegantiores
834 1833 945 1877 omnes
968 1816 1135 1902 scriptores
1154 1814 1220 1882 fere
1246 1801 1319 1880 om·-

136 1961 212 2004 nem
231 1936 389 2030 loquendi
411 1939 640 2029 scribendique
671 1936 856 2005 facultatem
884 1964 923 2006 ex
952 1942 1187 2033 antiquioribus
1210 1941 1320 2008 litera-

137 2090 211 2131 rum
240 2069 458 2133 monumentis
487 2065 591 2133 multa
626 2089 704 2131 cura
735 2083 766 2131 et
789 2066 900 2134 labore
930 2069 1127 2163 colligerentr
1151 2071 1217 2138 duo
1243 2087 1321 2136 sunt

136 2193 236 2261 veluti
256 2194 386 2284 populi,
414 2195 497 2261 duae
524 2193 669 2286 linguae:
696 2217 799 2259 sermo
821 2194 979 2288 vulgaris,
1002 2197 1158 2287 plebeius,
1181 2200 1240 2290 qui
1265 2198 1317 2263 di-

138 2324 221 2388 citur
241 2317 262 2404 ἤ
280 2314 444 2406 συνήθεια,
462 2318 484 2405 η’
500 2324 562 2385 τῶν
578 2321 711 2384 ἰδιωτῶν
723 2313 893 2398 διάλεκτος,
912 2324 993 2392 altor
1017 2351 1119 2393 sermo
1141 2345 1187 2393 est
1207 2327 1318 2393 erudi.

95 2494 97 2507 .
141 2464 193 2513 tus
210 2451 309 2537 ἡτῶν-
325 2450 570 2535 multoplures
589 2454 733 2535 γλῶσσα,
754 2451 812 2539 qui
832 2474 898 2516 non
916 2452 1055 2520 aliunde
1078 2457 1198 2544 pendet
1215 2478 1323 2544 quam

144 2573 184 2640 ab
210 2573 347 2644 lectionis
379 2602 442 2643 usu
468 2593 500 2643 et
526 2599 566 2642 ex
596 2591 743 2642 veterum
771 2578 894 2666 scriptis
921 2579 1079 2647 hauritur.
1124 2580 1318 2648 Incredibile

142 2702 229 2769 dictu
247 2720 293 2770 est
312 2729 413 2794 quam
433 2703 497 2771 late
519 2727 557 2770 ea
584 2705 663 2768 ratio
691 2707 849 2792 patuerit,
871 2724 991 2796 quotus
1014 2711 1100 2774 onim
1117 2711 1254 2799 quisque
1271 2725 1319 2774 est

138 2831 352 2915 Graecorum,
369 2834 428 2923 qui
447 2849 519 2922 pest
534 2833 680 2897 amissam
701 2829 889 2897 libertatem
900 2832 1024 2924 aliquid
1043 2836 1316 2924 conscripserunt,

136 2963 194 3050 qui
215 2984 248 3027 se
271 2984 340 3028 non
359 2961 401 3027 ad
417 2961 636 3050 antiquiorum
666 2959 876 3041 imitationem
897 2977 1003 3026 totum
1026 2962 1147 3029 dederit
1167 2980 1199 3028 et
1220 2986 1321 3030 ausus-

136 3090 175 3153 sit
190 3088 350 3171 scribere,
373 3106 411 3156 ut
432 3091 492 3178 ipsi
505 3063 507 3069 Ι
522 3087 722 3178 loquuntur,
746 3085 872 3180 vulgari
891 3113 1054 3173 sermone,
1072 3098 1320 3180 roi‘g-irrtrngori-v

135 3234 184 3277 σιν
202 3211 365 3296 ὀνόμασιν,
385 3218 476 3308 quod
496 3189 689 3282 Plutarchus
715 3216 825 3283 scribit
853 3219 892 3285 de
913 3219 1033 3300 Arato,
1054 3222 1110 3286 sed
1130 3223 1173 3286 ita
1193 3237 1230 3285 ut
1253 3221 1318 3284 ho-

135 3345 258 3412 minem
289 3362 418 3412 exouset
447 3332 640 3434 veniamque
660 3344 725 3424 det,
749 3347 946 3434 temporibus
971 3364 1079 3412 coacto
1109 3344 1176 3411 scil.
1205 3363 1244 3411 ut
1273 3348 1319 3412 sie

56 3452 60 3463 ⁸
134 3474 295 3541 scriberet
340 3474 423 3542 Iulio
444 3475 572 3541 Caesari
586 3475 644 3564 qui
663 3473 749 3539 idem
769 3472 843 3539 fecit
854 3475 895 3538 in
914 3497 1059 3540 sermone
1080 3475 1229 3540 Romano
1246 3497 1315 3540 non

135 3617 263 3667 tautum
282 3605 485 3669 excusatione
507 3617 539 3666 et
559 3602 652 3667 venia
671 3624 752 3690 opus
783 3624 852 3666 non
878 3617 939 3682 est,
959 3601 1014 3666 sed
1038 3625 1131 3666 sanos
1151 3601 1316 3683 homines,

136 3745 176 3797 ut
193 3747 240 3796 est
257 3732 293 3796 in
314 3729 417 3796 nobili
439 3729 601 3796 Ciceronis
619 3728 706 3811 loeo,
728 3752 748 3793 a
765 3728 936 3794 scribendo
956 3728 1120 3830 deterruit.
1165 3730 1252 3795 Usus
1270 3744 1317 3795 est

136 3873 169 3921 et
195 3859 261 3946 ipse
282 3858 514 3925 consuetudine
537 3856 694 3948 loquendi
715 3880 799 3945 pura
818 3873 850 3922 et
873 3859 1057 3947 incorrupta
1079 3874 1111 3922 et
1136 3858 1189 3939 sio,
1210 3856 1315 3943 iudice

135 3981 299 4069 Cicerone,
322 3987 465 4052 vitiosam
485 4003 518 4052 et
541 4001 727 4074 corruptam
747 3984 1013 4050 consuetudinem
1034 3983 1223 4049 emendavit.
1262 3983 1314 4047 Ex

135 4111 188 4192 iis,
217 4113 276 4202 qui
305 4113 457 4180 manibus
483 4115 599 4180 nostris
627 4128 793 4193 teruntur,
816 4135 903 4177 unus
927 4128 973 4177 est
996 4112 1159 4191 omnium,
1185 4112 1243 4200 qui
1273 4109 1315 4175 ab

134 4238 197 4303 hoc
227 4238 393 4306 artificioso
423 4240 584 4307 scribendi
609 4263 724 4332 genere
746 4262 842 4305 ausus
863 4254 910 4304 est
930 4236 1088 4303 abstinere
1115 4255 1148 4304 et
1178 4261 1314 4304 consue-

135 4365 284 4434 tudinem
301 4369 402 4459 sequi,
422 4366 593 4460 Polybius,
612 4370 704 4434 cuius
723 4368 824 4432 oratio
843 4365 905 4430 hoo
926 4367 995 4454 ipso
1008 4367 1148 4431 ,nomine
1165 4384 1230 4432 tam
1250 4391 1316 4456 pu-

135 4493 219 4576 tida,
250 4510 316 4565 tam
333 4497 457 4577 ieiuna,
475 4511 541 4561 tam
560 4493 685 4584 plebeia
705 4495 841 4564 videtur.
860 4493 974 4560 Sordet
995 4490 1149 4582 Polybius
1171 4510 1202 4559 et
1224 4494 1312 4559 fasti-
