3060 5302
225 367 266 430 l0
516 384 556 429 nn
579 382 779 429 srucrurrara
801 380 915 427 aranu
938 381 1089 426 snauoms

225 554 328 618 ditur:
357 554 459 617 utitur
488 568 596 617 temen
623 553 779 630 oratione,
810 549 913 640 qualis
936 567 1003 616 erat
1030 566 1101 614 tum
1131 551 1178 614 in·
1194 572 1248 614 ore
1277 547 1402 639 populi.

224 683 333 746 Livius
357 680 415 746 ubi
435 678 614 772 Polybiane
630 681 724 747 vertit
742 679 784 744 ad
803 676 943 745 verbum
965 679 1079 743 Latine
1099 702 1138 743 ex
1159 647 1351 742 inconcinna
1370 691 1403 740 et

202 893 203 896 Ἴ
225 812 347 901 ingrata
375 810 516 873 oratione
531 807 654 874 Graeca
669 807 846 898 elegantem
868 823 900 872 et
919 808 1067 872 Latinam
1088 804 1181 870 elicit.
1227 805 1339 870 Utitur
1353 819 1404 867 ta-

224 960 300 1003 men
326 959 470 1002 sermone
497 937 629 1018 Latino,
658 933 748 1026 quali
771 931 918 1025 aequales
940 950 1012 1000 tum
1034 948 1202 999 uterentur
1224 931 1280 998 sed
1306 931 1404 995 flore-

224 1054 282 1131 bat
297 1082 369 1132 tum
394 1066 527 1130 Latinae
545 1065 694 1151 emtionis
710 1084 809 1128 aurea
828 1078 924 1143 aetas,
946 1061 1069 1127 Graeca
1083 1063 1123 1125 >in
1139 1059 1267 1152 Polybii
1283 1083 1405 1150 aequa-

225 1178 312 1258 libus
326 1192 531 1259 moriebatur.
564 1181 693 1256 Praeter
712 1188 817 1256 solum
835 1165 1010 1279 Polybium
1032 1190 1196 1254 neminem
1221 1211 1327 1255 unum
1343 1211 1406 1251 no-

226 1322 432 1403 minaverim,
454 1322 517 1410 qui
543 1319 629 1384 idem
652 1318 776 1383 fecerit:
807 1317 903 1381 sentit
930 1314 994 1380 hoc
1021 1317 1089 1404 ipse
1118 1316 1221 1406 gravis
1238 1315 1406 1380 historicus

227 1465 259 1514 et
278 1465 322 1513 -ut
351 1466 397 1514 est
426 1421 554 1539 ingenie
582 1444 698 1513 acerbo
714 1461 747 1510 et
766 1465 892 1533 aspero,
913 1467 1019 1542 quam
1045 1441 1230 1509 facultatem
1247 1443 1316 1531 ipsc
1339 1442 1405 1507 sive

225 1594 342 1647 natura
370 1577 435 1642 sire
464 1575 582 1641 iudicio
613 1598 681 1640 non
712 1572 865 1656 excoluit,
889 1597 960 1639 eam
985 1570 1184 1661 vilipendere
1208 1588 1242 1639 et
1271 1569 1403 1637 irridere

228 1705 307 1771 adeo
334 1703 414 1770 solet
440 1706 475 1770 in
505 1702 589 1786 aliis,
614 1705 706 1793 quasi
732 1703 880 1767 historica
904 1727 954 1768 ars
976 1700 1040 1767 illis
1061 1701 1189 1767 dicendi
1211 1703 1408 1767 ornamentis

227 1833 441 1900 et'lenociniie
460 1834 496 1897 in
511 1849 600 1898 tenta
617 1833 663 1898 rei
681 1833 781 1922 ipsius
799 1832 952 1922 gravitate
974 1847 1006 1896 et
1019 1830 1209 1920 praestantia
1222 1828 1339 1895 melius
1352 1853 1407 1894 ea-

228 1979 320 2028 reret.
343 1962 377 2031 Si
392 1960 593 2052 reliquorum
606 1961 771 2026 neminem
785 1961 828 2024 ita
846 1961 1003 2048 scripsisse
1017 1959 1196 2038 contendo,
1211 1956 1329 2022 multos
1344 1960 1409 2023 scio

207 2117 210 2121 ·
228 2108 294 2156 esse
316 2091 374 2180 qui
396 2105 508 2154 contra
528 2089 681 2154 sentiant:
705 2109 805 2177 quam
821 2102 921 2167 recte,
943 2109 1043 2176 quam
1057 2087 1159 2176 perite
1170 2088 1205 2151 in
1216 2066 1412 2152 unocstem

229 2218 314 2282 dam.
365 2216 564 2283 Niebuhrius
585 2214 706 2282 alicubi
728 2213 942 2296 confidenter,
958 2231 996 2280 ut
1015 2213 1109 2298 solet,
1125 2215 1288 2282 deDione·
1301 2214 1410 2281 Cassio

227 2346 439 2434 pronunciat,
462 2345 602 2437 reddam
628 2343 766 2410 verbum
791 2342 905 2409 verbo:
946 2342 1028 2408 “Dio
1058 2338 1151 2411 unus·
1165 2338 1219 2409 est‘
1234 2366 1274 2408 ex
1293 2345 1412 2432 paucis

229 2475 287 2564 qui
317 2475 363 2538 ita
382 2471 530 2538 scribunt
559 2489 597 2537 ut
623 2489 706 2538 tum
722 2473 869 2545 homines
889 2470 1219 2563 loquebanturteius
1241 2473 1343 2537 oratio
1365 2488 1412 2537 est

229 2599 368 2693 vulgaris
387 2601 548 2668 Graecitas
561 2600 646 2667 illius
665 2603 788 2668 aetatis:
824 2601 902 2666 hinc
923 2599 1061 2690 perutile
1082 2616 1129 2665 est
1154 2616 1185 2664 et
1206 2597 1411 2665 fructuosum

229 2730 296 2794 eius
308 2729 482 2795 dictimem
497 2728 666 2821 diligenter
681 2729 854 2796 ohservare
871 2747 903 2801 et
925 2726 1145 2822 cognoscere.'’
1189 2724 1280 2792 Nihil
1302 2744 1411 2793 autern

228 2871 275 2921 est
295 2835 403 2922 minus
425 2843 549 2922 verum.
585 2858 697 2923 Dionis
710 2859 811 2922 oratio
832 2874 1012 2947 utcumque
1034 2857 1161 2923 videtur
1182 2854 1411 2947 negligentior,

229 2985 383 3063 incomta,
404 2981 496 3048 nulla
519 3006 597 3048 cura
606 3007 617 3064 ·,
640 2981 738 3048 nulla.
748 2999 816 3048 arte
831 3000 945 3072 sponte
964 2983 1066 3048 fluere
1080 3000 1118 3048 ut
1130 2981 1296 3072 popularis
1312 2986 1412 3048 oratio

229 3109 325 3191 solet,
347 3127 445 3176 tamet
466 3128 497 3176 et
519 3135 558 3177 ex
570 3128 717 3177 veterum
736 3112 872 3178 lectione
886 3110 1018 3177 collecta
1033 3128 1080 3176 est
1095 3127 1127 3177 et
1140 3111 1232 3201 quod
1245 3110 1412 3202 aliquanto

228 3239 330 3327 peius
341 3253 388 3302 est
408 3261 476 3303 non
498 3239 567 3304 sine
588 3238 702 3326 putida
716 3235 912 3304 affectatione
928 3255 959 3304 et
972 3239 1056 3304 vitiis
1069 3236 1154 3305 male
1171 3238 1411 3329 eudiscrepan-

229 3365 318 3432 tibus
331 3340 472 3432 collecta.
509 3366 605 3449 Quod
619 3367 797 3430 maximum
820 3382 881 3447 est,
905 3367 974 3455 ipse
995 3368 1062 3433 Dio.
1079 3384 1212 3434 testatur
1234 3392 1267 3433 se
1288 3367 1412 3434 Atticos
1439 3409 1441 3413 f

228 3492 331 3585 legere
354 3494 396 3559 ad
417 3491 635 3585 colligendum
651 3493 773 3558 Graece
794 3492 955 3576 scribendi
977 3519 1074 3561 usum
1097 3497 1151 3560 55.
1175 3497 1227 3559 19.
1252 3495 1337 3558 idem
1360 3513 1412 3558 ta-

230 3642 306 3685 men
320 3643 412 3708 saepe
427 3620 535 3684 Ionice
550 3620 650 3710 magis
663 3643 764 3708 quam
777 3618 882 3687 Attice
896 3621 1007 3687 scribit
1020 3623 1222 3711 imprudens:
1242 3626 1413 3697 sautem

230 3747 277 3813 illi
299 3764 345 3813 est
367 3757 476 3812 vestiti
488 3744 584 3829 suut,
595 3749 638 3812 sic
658 3748 868 3830 doxmddurm,
887 3750 1131 3839 dumgnplduro,
1150 3747 1212 3812 alia
1226 3752 1344 3838 passim
1357 3750 1413 3816 lu-

230 3874 345 3942 benter
366 3878 473 3965 ponit,
496 3899 580 3966 quae
595 3877 757 3943 Herodoto
779 3877 894 3943 melius
917 3875 1108 3966 reliquisset,
1130 3892 1169 3939 ut
1190 3899 1268 3942 usus
1291 3902 1414 3966 prono-

231 4005 326 4069 minis
346 4005 455 4092 cipro
474 4003 560 4098 αὐτῷ
580 4005 670 4095 quod
690 4029 791 4096 quam
807 4007 943 4072 'insuave
963 4005 1005 4070 sit
1026 4007 1061 4069 in
1077 4004 1237 4088 oratione,
1253 4031 1336 4097 quae
1351 4005 1413 4072 At-

230 4132 329 4197 ticam
348 4133 463 4197 imitari
484 4134 607 4224 satagit,
632 4131 723 4199 facile
745 4150 792 4199 est
813 4134 854 4198 ad
875 4130 1132 4224 intelligendum.

240 4298 242 4305 ·
275 4257 449 4327 Affectatae
480 4262 629 4327 orationis
659 4263 693 4327 in
717 4260 773 4327 illo
794 4264 965 4352 scriptore,
989 4263 1048 4353 qui
1074 4261 1212 4328 scribere
1234 4261 1350 4326 dicitur
1376 4277 1415 4323 ut

232 4403 303 4452 turn
325 4411 435 4454 omnes
456 4387 692 4480 loquebantur,
715 4388 900 4479 exemplum
920 4412 1027 4455 unum
1040 4386 1172 4455 afferam
1191 4387 1246 4453 sed
1261 4385 1415 4453 luculen-

231 4530 313 4579 tum.
344 4515 415 4581 Lib.
440 4519 492 4582 55.
518 4520 560 4582 Μ
584 4516 751 4609 Augustus
774 4516 860 4584 solus
883 4519 917 4583 in
940 4515 1081 4582 thalamo
1103 4540 1180 4582 cum
1202 4538 1303 4582 uxore
1324 4516 1415 4592 Livia
