3060 5302
540 324 560 368 ‚t
584 321 736 370 westser
759 317 990 367 onrlnsneous.
1314 295 1356 359 tt

173 515 299 583 semper
328 494 464 559 retinere
485 490 694 571 videbantur,
729 491 773 556 sic
805 489 985 558 Herodotus
1015 502 1047 550 et
1070 497 1276 585 Hippocrates
1297 511 1358 557 nec

174 639 296 690 veteres
321 644 411 687 nunc
439 642 504 687 esse
529 617 682 685 videntur
705 639 765 682 nec
790 640 896 706 quum
923 620 1066 707 primum
1097 622 1273 689 scriberent
1296 645 1357 712 po·

172 767 265 817 tuere
284 747 386 816 videri
410 763 563 815 recentes:
584 745 699 813 eodem
717 741 825 822 modo,
854 766 921 833 quo
948 745 1135 832 Homerum,
1161 773 1260 841 quem
1286 772 1358 814 om-

172 902 233 947 nes
257 879 347 943 iuxta
376 877 449 966 quis
478 873 575 939 fuerit
597 874 795 964 ignoramus,
817 870 853 933 in
870 875 1038 939 senectutis
1053 878 1234 959 maturitate
1256 877 1358 965 scrip-
1417 958 1424 978 Ι

172 1005 250 1072 siste
270 1003 434 1082 sentimus,
456 1002 500 1066 sic
523 997 593 1063 illos
615 999 728 1076 Iones,
744 997 803 1085 qui
825 998 938 1066 eodem
959 1002 1088 1094 ingenio
1110 1007 1145 1070 in
1168 1003 1279 1070 eadem
1293 1008 1360 1092 'pa-

171 1138 236 1207 tria
257 1132 403 1213 tuarum,
427 1155 488 1196 nec
509 1152 609 1195 novos
632 1150 790 1217 umquam
812 1126 905 1195 fuisse
928 1134 1082 1199 sentimus
1103 1157 1164 1199 nec
1185 1131 1282 1222 longa
1309 1130 1360 1196 die

172 1277 296 1330 veteres
319 1259 389 1326 lieri
411 1258 635 1346 comperimus.
681 1253 845 1338 Qualesit
866 1274 974 1341 autem
994 1260 1067 1342 hoc,
1087 1261 1177 1352 quod
1200 1262 1278 1341 dixi,
1292 1282 1360 1326 non

173 1408 329 1480 apparere
352 1388 387 1453 in
412 1387 532 1451 Ionum
555 1382 764 1472 scriptoribus
784 1383 954 1452 discrimen
979 1405 1163 1479 temporum
1183 1412 1243 1455 nec
1268 1389 1362 1459 vicis-

172 1517 343 1598 situdines,
365 1537 447 1604 quas
472 1509 583 1604 lingua
605 1526 709 1577 tractu
718 1484 873 1600 'temporis
896 1513 1005 1581 subire
1027 1517 1189 1599 debuerit,
1212 1516 1363 1584 luculen-

173 1663 226 1713 ter
249 1658 382 1734 apparet
403 1664 442 1706 ex
465 1637 527 1704 illis
550 1637 776 1727 scriptoribus,
807 1642 865 1728 qui
888 1640 1021 1708 dialecto
1042 1668 1111 1709 non
1133 1661 1262 1711 tantum
1283 1648 1382 1720 arti-,

172 1770 283 1854 fieisli,
316 1786 356 1837 ut
383 1783 519 1848 veteres,
542 1765 597 1831 sed
619 1782 750 1831 recocta·
763 1768 967 1856 scripserunt.
1013 1769 1077 1838 Vel
1098 1795 1185 1837 unus
1206 1769 1363 1859 Aretaeus

174 1897 354 1990 Cappadox
382 1909 571 1986 argumento
604 1894 721 1981 poterit
738 1918 829 1971 ¹esse.
872 1895 1006 1986 Scripsit
1031 1914 1104 1988 post
1133 1897 1304 1965 Tiberium
1331 1916 1362 1966 et

135 2031 138 2037 ’
174 2026 290 2106 scribit
319 2024 428 2090 Ionice
450 2038 516 2086 tam
547 2021 697 2103 suaviter,
720 2037 786 2087 tam
807 2039 905 2108 terse,
935 2027 1026 2090 utin
1051 2025 1156 2092 media
1178 2026 1269 2092 Ionia
1291 2043 1365 2094 ante

136 2173 142 2184 ·
177 2153 305 2244 aliquot
325 2146 453 2217 saecula
481 2164 577 2213 natus
605 2146 773 2214 nonnullis
794 2149 954 2217 videatur:
990 2151 1045 2218 sed
1073 2154 1176 2218 utitur
1196 2152 1250 2219 hic
1281 2179 1367 2245 quo-

179 2304 246 2374 que
268 2279 437 2369 Homerica
466 2274 578 2367 lingua
604 2292 636 2343 et
657 2249 902 2366 Hippocratica,
932 2302 1033 2369 quam
1056 2279 1236 2348 incredibili
1259 2285 1379 2350 studio

182 2405 333 2498 elegantis
353 2405 404 2471 vir
424 2405 545 2496 ingenii
567 2407 640 2470 satis
662 2403 795 2471 feliciter
817 2403 943 2487 retulit,
966 2407 1008 2470 ita
1032 2423 1138 2472 tamen
1162 2427 1199 2474 ut
1222 2409 1365 2478 laborio-

148 2601 153 2615 ,
186 2553 262 2597 sum
283 2529 448 2598 artificium
481 2528 656 2620 polluceat:
692 2530 820 2621 eloquio
842 2531 999 2598 Veterum
1032 2535 1135 2599 utitur
1165 2553 1196 2602 et
1226 2537 1365 2621 laciniis,

183 2675 278 2726 sonat
298 2675 380 2726 totus
402 2661 562 2743 Ionicum,
584 2658 638 2734 nil,
653 2661 715 2726 nisi
738 2661 803 2726 vita
826 2661 914 2748 operi
936 2659 1023 2726 deest
1045 2677 1077 2727 et
1091 2678 1217 2729 natura.
1262 2666 1365 2732 Nemo

183 2801 293 2854 autem
322 2789 396 2855 vivo
419 2786 557 2855 Aretaco
588 2789 631 2852 ita
657 2785 870 2878 loquebatur,
903 2803 941 2852 ut
967 2785 1021 2853 ille
1047 2789 1172 2856 scribit:
1207 2793 1280 2883 quis
1302 2794 1366 2860 du·

179 2914 283 2982 biteti‘
305 2939 420 2984 verum
442 2919 515 3006 quis
541 2918 614 2984 vivo
636 2915 829 3004 Hippocrate
851 2931 908 2980 aut
929 2904 1091 2984 Herodoto
1115 2919 1160 2982 sic
1178 2934 1216 2984 ut
1226 2917 1273 2984 illi
1288 2924 1366 2987 scri-

180 3041 267 3108 bunt
288 3039 506 3132 loquebatur?
550 3043 653 3108 Nemo
668 3067 753 3108 sane.
786 3041 988 3132 superarunt
1002 3043 1150 3135 aequales
1165 3069 1276 3112 omnes
1291 3070 1367 3111 sua-

185 3142 347 3262 viloquio:
383 3168 519 3237 dulcedo
549 3172 705 3237 orationis·
730 3171 910 3237 incredibili
931 3175 1086 3239 suavitate
1109 3175 1204 3239 afficit
1230 3191 1262 3240 et
1284 3173 1367 3239 deli-

185 3303 233 3368 nit
254 3300 391 3393 legenu‘s
413 3298 575 3378 animum,
597 3298 741 3364 sednon
764 3300 807 3363 ita
830 3300 925 3364 afficit
946 3314 984 3364 ut
1006 3323 1082 3364 cum
1104 3323 1141 3365 eo
1164 3325 1230 3366 una
1253 3324 1318 3367 esse
1336 3317 1368 3368 et

186 3451 254 3495 una
279 3428 388 3495 rivere
418 3439 449 3489 et
475 3425 586 3491 audire
615 3423 802 3516 loquentem
826 3424 952 3491 videare
978 3427 1098 3516 etipse
1123 3428 1234 3494 eadem
1247 3426 1367 3519 lingua,

187 3556 211 3620 si
233 3577 283 3622 res
304 3555 348 3620 ita
369 3551 491 3638 tulerit,
510 3577 731 3643 responsurus.

228 3679 313 3746 Mihi
335 3682 469 3772 quidem
492 3683 527 3746 in
548 3679 681 3747 illorum
703 3679 838 3747 lectione
861 3683 987 3747 animus
1010 3685 1054 3748 sic
1077 3681 1228 3766 afficitur,
1252 3702 1291 3750 ut
1299 3708 1368 3750 cre-

189 3807 265 3876 dem
284 3831 338 3875 me
360 3811 468 3877 videre
491 3808 643 3900 aliquem,
666 3810 725 3900 qui
748 3832 873 3874 summa
894 3833 955 3900 ope
977 3813 1096 3903 ingenii
1119 3815 1228 3879 omnia
1251 3815 1294 3878 sic
1309 3837 1368 3902 paz

188 3954 235 4004 ret
255 3954 295 4004 ut
316 3938 436 4027 optima
458 3955 490 4006 et
511 3936 729 4029 pulcherrima
751 3938 829 4018 sint,
854 3954 891 4002 ut
914 3941 948 4004 in
968 3963 1092 4005 summa
1106 3940 1303 4031 simplicitate
1320 3940 1369 4006 la-

189 4079 250 4132 teat
281 4089 409 4133 summa
436 4091 487 4133 ars
521 4068 614 4133 anxie
642 4063 776 4132 sollicita
808 4066 952 4157 nequid
975 4064 1070 4148 desit,
1101 4093 1144 4135 ne
1166 4068 1247 4158 quid
1268 4067 1369 4149 obsit,

186 4194 283 4273 ,etiam
302 4193 447 4285 nequid
472 4211 538 4260 arte
557 4192 707 4260 effectum
732 4207 874 4294 putetur.
895 4191 980 4259 Cum
1001 4218 1077 4259 cura
1103 4198 1211 4262 omnia
1229 4198 1371 4286 apposita

189 4340 283 4407 sunt,
315 4338 449 4391 cautum
475 4322 623 4415 undique
644 4339 691 4389 est
714 4344 756 4387 ne
779 4320 860 4411 quid
884 4323 954 4387 iure
983 4324 1071 4412 carpi
1098 4340 1155 4389 aut
1180 4323 1370 4413 reprehendi

191 4452 300 4536 pessit:
324 4452 452 4519 videtur
468 4475 542 4543 ergo
561 4450 711 4535 omnibus
729 4474 907 4540 paucorum
933 4473 997 4516 esse
1015 4450 1099 4517 idem
1120 4449 1254 4517 efficere.
1279 4449 1369 4517 Con-

1176 4579 1190 4609 ff
