3060 5302
180 348 201 410 t
482 365 522 410 ns
544 363 743 410 summum
765 363 879 410 0111οι
901 363 1054 411 1111101111

177 533 413 605 Buttmannum
436 529 523 613 dieo,
546 532 604 621 qui
630 528 721 618 facile
742 528 943 621 reliquorum
963 533 1110 598 omnium
1131 554 1247 627 agmen
1269 532 1364 606 ducit

176 676 209 726 et
218 675 257 725 ut
266 658 450 724 obscuravit
468 673 588 725 veteres
595 659 640 724 sio
658 672 753 723 nemo‘
772 659 879 726 adhuc
890 658 938 725 illi
957 659 1156 741 eruditionis,
1168 657 1364 752 diligentiae,

176 783 332 852 acuminis
352 776 493 870 palmam
512 782 618 869 potuit
630 778 731 845 fecere
752 779 904 864 dubiam,
927 806 1033 872 quum
1052 781 1148 848 multi
1166 785 1270 852 multa
1287 812 1363 876 pas-

175 915 235 981 sim
249 912 441 994 moliantur,
464 911 520 977 sed
544 909 630 976 illius
649 925 680 976 et
697 908 834 976 aliorum
848 910 956 1001 spoliis
975 936 1084 1004 graves
1115 930 1146 978 et
1168 940 1237 981 non
1268 918 1362 1008 inge-

175 1045 242 1109 nita
268 1043 384 1111 mentis
412 1039 551 1107 sollertia
576 1041 610 1105 in
630 1041 738 1129 ipsum
755 1039 871 1105 Graeci
891 1043 1045 1106 sermonis
1065 1043 1232 1134 ingenium
1260 1059 1361 1111 natu-

127 1182 129 1187 ’
175 1195 310 1261 remque
338 1171 494 1262 progressi
526 1169 581 1234 sed
612 1168 789 1237 adventicia
815 1161 955 1258 quadam
986 1186 1053 1235 arte
1083 1137 1166 1263 duae
1201 1169 1361 1239 subtiliter

175 1315 350 1390 repertast
374 1314 448 1386 apte
467 1298 616 1386 disposita
635 1299 670 1362 in
690 1320 724 1366 re
745 1298 950 1388 grammatica
969 1322 1060 1363 nunc
1070 1299 1208 1364 maxime
1227 1299 1360 1388 probari

174 1426 278 1499 solent
295 1427 337 1493 ad
359 1427 496 1493 Graecas
517 1424 623 1491 literas
652 1425 941 1506 accommodantes,
965 1449 1040 1489 mox
1059 1427 1085 1490 si
1112 1449 1161 1491 res
1182 1428 1227 1492 ita
1251 1427 1360 1495 tulerit

156 1554 218 1622 ,011
239 1577 419 1620 sermonem
445 1550 616 1641 literasque
643 1552 866 1618 diversissimas
888 1551 1168 1618 accommodaturi.
1220 1554 1290 1621 Nae
1311 1554 1358 1621 illi

133 1737 136 1742 .
174 1708 243 1750 non
268 1681 455 1777 intelligunt
482 1681 563 1772 quid
589 1682 627 1746 sit
657 1680 779 1747 Graece
800 1682 897 1762 seire,
921 1681 1002 1770 quid
1024 1682 1064 1744 sit
1083 1680 1256 1765 Graecum,
1279 1684 1359 1774 quid

174 1835 243 1883 uon
267 1814 325 1893 sit,
349 1810 431 1901 quid
455 1808 663 1900 probandum
685 1809 796 1890 unice,
819 1808 901 1897 quid
921 1832 997 1872 eum
1016 1823 1181 1874 contemtu
1203 1808 1358 1877 abiicien-

175 1939 255 2009 dum
261 1965 270 2018 3
283 1955 423 2004 utuntur
444 1938 561 2026 paratis
580 1935 715 2024 opibus,
737 1951 775 1999 ut
796 1933 856 2003 sibi
874 1934 1007 2024 quidem
1024 1937 1186 2022 videntur,
1197 1957 1296 2031 atque
1316 1944 1358 2007 ita

174 2067 322 2156 quidem,
346 2083 384 2132 ut
403 2082 531 2157 regatur
543 2065 649 2154 potius
667 2062 798 2129 illorum
807 2087 927 2129 mense
938 2067 1095 2153 praesenti
1112 2070 1259 2151 materia,
1273 2094 1358 2161 quae

174 2194 304 2261 videtur
322 2192 468 2276 subesse,
483 2217 585 2284 quam
601 2209 707 2284 regat,
723 2194 907 2281 arripientes
929 2194 1091 2284 quidquid
1108 2194 1257 2264 aliermde
1273 2197 1358 2263 obii-

176 2324 275 2386 citur:
298 2323 407 2386 omnia
426 2321 574 2412 undique
597 2343 723 2385 corrasa
747 2321 911 2411 egregium
935 2343 1032 2386 usum
1061 2322 1212 2389 videntur
1237 2323 1359 2392 babere

173 2449 325 2514 modoad
344 2448 506 2540 augendas
525 2445 750 2514 incredibilem
772 2449 808 2512 in
827 2449 963 2514 modum
984 2450 1091 2538 copias
1109 2450 1355 2533 Grammaticus,

173 2577 269 2642 modo
302 2577 344 2641 ad
369 2570 590 2642 confirmanda
622 2577 769 2656 inventa,
804 2573 937 2665 placitu,
964 2576 1109 2657 decreta,
1144 2601 1260 2645 arcana
1291 2579 1357 2647 1010

173 2704 369 2785 addiderim,
391 2702 608 2771 Grammatica
626 2724 733 2766 omne
757 2724 869 2791 genus.
915 2700 1125 2768 Obscuriores
1147 2706 1295 2772 omittere
1315 2705 1356 2773 li-

173 2849 257 2897 ceat:
288 2849 326 2897 ut
351 2830 417 2896 fere
447 2827 532 2894 nihil
556 2844 692 2916 prosunt
722 2830 767 2892 sic
792 2852 966 2917 perparum
991 2826 1129 2894 afferunt
1156 2830 1352 2902 detrimenti:

172 2963 288 3026 vivunt
309 2961 344 3023 in
361 2957 465 3036 diem,
488 2954 572 3023 liber
596 2953 679 3020 libro
703 2955 864 3036 truditur,
895 2973 932 3021 ut
959 2954 1040 3023 alius
1058 2974 1104 3024 est
1126 2983 1165 3025 ex
1190 2958 1253 3025 alio
1270 2960 1355 3029 faciti

172 3087 300 3179 negotio
314 3102 425 3149 natus:
448 3082 504 3153 sed
524 3082 636 3148 heroes
657 3082 815 3171 quosdam
834 3107 899 3149 esso
916 3086 1028 3168 video,
1051 3110 1193 3177 quorum
1214 3093 1357 3156 auctori-
1391 3085 1394 3091 ’

172 3234 219 3282 tas
235 3216 382 3281 maximis
405 3214 525 3279 meritis
554 3229 645 3302 parta
665 3209 835 3301 splendore
856 3239 914 3280 suo
933 3219 1164 3309 praestringere
1183 3216 1357 3285 oculorum

172 3347 273 3411 aciem
290 3361 322 3409 et
344 3357 448 3432 potest
467 3355 499 3406 et
520 3338 615 3421 solet,
647 3343 705 3430 qui
736 3341 906 3434 caliginem
930 3369 966 3410 ac
992 3345 1139 3416 tenebras
1160 3362 1266 3411 tractu
1280 3370 1356 3412 sae·

173 3455 323 3538 culorum
339 3470 487 3558 undique
503 3469 709 3557 constipatus,
726 3493 831 3560 quum
845 3471 1024 3536 eruditione
1040 3474 1143 3564 sagaci
1157 3489 1188 3537 et
1201 3473 1356 3562 prudenti

172 3599 338 3690 dispellere
356 3616 389 3664 et
410 3598 567 3664 discutere
588 3595 790 3678 debuissent,
814 3598 1005 3688 nescioquo
1029 3600 1139 3664 iudicii
1156 3623 1262 3667 011010
1282 3627 1355 3669 ma·

171 3723 306 3794 luerunt
318 3725 498 3822 eruditione
520 3749 613 3791 caeca
634 3743 665 3790 et
686 3727 796 3792 insana
818 3751 934 3820 angere
954 3745 986 3793 et
1004 3728 1214 3809 condensare3
1232 3730 1354 3798 horum

171 3879 230 3946 ego
249 3855 428 3944 principem
450 3852 889 3943 ponoLobeeliiumcuius
910 3856 1047 3922 eruditio
1068 3859 1240 3946 stupende,
1264 3859 1355 3948 quod

171 3982 290 4048 nomen
308 3979 454 4047 consulto
479 3998 512 4049 et
528 3981 719 4046 meditatum
735 3981 888 4071 appono,
901 3985 926 4048 si
941 3985 1023 4074 quid
1039 4001 1087 4050 est
1106 3987 1141 4049 in
1160 4009 1212 4051 me
1227 3987 1348 4066 iudicii,

170 4109 265 4175 bonis
292 4111 406 4178 Literis
434 4126 562 4177 tantum
592 4108 699 4175 attulit
718 4110 934 4200 detrimenti,
957 4129 1119 4202 quantum
1152 4113 1206 4178 vix
1228 4111 1347 4176 caetere

169 4239 231 4314 riri
248 4239 355 4304 eximii
373 4237 461 4302 bone
482 4237 636 4304 redimere
654 4254 685 4303 et
703 4262 908 4328 compensare
923 4259 1077 4332 poterunt
1099 4228 1264 4333 umquem.
1283 4237 1347 4304 Le-

170 4382 223 4458 gat
245 4364 327 4433 mihi,
362 4364 478 4457 aliquis
514 4363 566 4449 vel
600 4367 783 4433 recordetur
818 4393 918 4459 quam
956 4372 1124 4437 immensas
1164 4367 1350 4436 eruditionis

170 4518 246 4584 opes
275 4496 498 4583 expromserit,
528 4518 595 4559 non
624 4495 694 4561 dico
724 4497 757 4562 in
782 4522 915 4590 magnae
936 4497 1036 4566 'molis
1056 4498 1285 4565 commentario
1309 4495 1360 4583 ud¹
