3060 5302
222 376 242 438 8
603 393 644 437 nn
667 390 877 439 sucronrrarn
899 392 938 436 aa
961 390 1018 438 nso

222 573 353 647 spectas.
376 561 483 644 Quam
495 561 557 625 cito
565 558 677 626 cadere
692 560 816 648 possint
827 583 910 650 quae
924 559 1001 626 olim
1015 559 1144 626 fuerant
1157 562 1192 624 in
1206 560 1329 626 honore
1344 567 1408 627 νο-4

222 685 353 769 cabula,
376 711 476 777 quam
497 710 627 777 prorsus
638 687 777 776 ignorari
792 702 823 751 et
834 685 889 751 alii
904 685 1000 752 multi
1017 685 1078 752 loci
1097 704 1130 751 et
1146 710 1232 753 unus
1249 686 1404 776 perlocu-

222 814 329 882 lentus
345 816 433 907 apud
445 815 573 906 Lysiam
587 815 699 881 docere
716 817 825 904 possit,
845 814 903 891 ulii
920 785 1028 907 Lysias
1041 818 1270 906 interpretatur
1286 817 1406 898 verba,

223 943 344 1034 quibus
360 943 460 1010 Solon
483 960 563 1009 esset
583 945 618 1008 in
636 941 763 1036 legibus
783 968 871 1024 usus,
892 968 975 1035 quae
991 943 1090 1010 verba
1109 967 1204 1009 nemo
1223 944 1262 1010 de
1281 943 1406 1033 populo

222 1069 429 1164 intelligebat:
442 1071 526 1138 daho
541 1096 653 1163 pauca.
677 1072 742 1138 Est.
750 1074 784 1137 in
800 1070 875 1164 lege
887 1071 1035 1139 δεδέσθαι
1050 1075 1085 1140 ἓν
1097 1076 1139 1164 τῇ
1149 1075 1330 1165 παδοιιιίνιιιῃ,
1341 1068 1408 1141 τόδ’

222 1202 302 1282 dccv,
323 1193 472 1291 inquiti'
490 1206 545 1266 νῦν
564 1206 696 1267 καλεῖται
715 1203 749 1268 ἐν
766 1200 813 1291 τῷ
829 1194 912 1290 ξάλῳ
928 1196 1091 1279 δεδέσθαι,
1103 1198 1218 1263 deinde
1230 1172 1407 1289 ἐπασκῆσαι

223 1346 270 1395 est
288 1323 408 1414 ἀμδσαι,
417 1327 595 1421 δρασκάζειν
613 1321 852 1415 ἀποδιδράσκειν,
866 1326 1000 1401 ἀπίλλειν
1019 1327 1192 1406 ἀποκλείειν,
1206 1311 1419 1414 πεφασμένωςΙΙ

223 1473 270 1523 est
288 1467 441 1550 φανερῶς,
460 1464 617 1527 παλιῖσθαι
636 1459 683 1521 est
701 1456 851 1540 βαδίζειν,
869 1452 905 1522 to*
924 1455 960 1519 δὲ
979 1451 1284 1541 elacior-Orpheum.
1314 1452 1407 1519 Nihil

223 1587 320 1678 igitur
342 1589 505 1678 antiquius
522 1581 665 1649 habuero
684 1579 892 1648 Grammatioi
910 1601 1011 1668 quam
1026 1579 1148 1668 scriptis
1171 1583 1406 1647 commentariis

223 1731 279 1778 aut
300 1713 407 1782 lexicis
436 1712 637 1780 difficultates
663 1709 816 1776 sermonis
848 1706 1037 1797 antiquioris
1064 1703 1234 1774 illustrare.
1286 1709 1406 1800 Ingens

223 1841 300 1907 olim
316 1843 503 1908 huiusmodi
520 1839 680 1905 librorum
700 1853 767 1904 erat
790 1836 895 1925 copia,
904 1858 1005 1923 quam
1023 1830 1077 1897 alii
1092 1854 1131 1898 ex
1150 1832 1220 1899 aliis
1233 1854 1405 1918 auxerunt,

221 1967 465 2057 interpolatam,
484 1981 720 2056 excerpserunt,
740 1975 985 2040 contraxerunt,
1017 1959 1131 2024 deinde
1158 1962 1276 2027 iterum
1304 1987 1407 2030 auxe-

221 2113 318 2175 runt,
342 2097 430 2163 unde
450 2095 581 2161 tandem
599 2093 742 2160 exstitere
765 2088 815 2154 illi
836 2060 1166 2166 libri'Grammatici,
1198 2090 1256 2178 qui
1278 2090 1320 2155 ad
1346 2116 1407 2159 nos

221 2235 455 2306 pervenerunt,
489 2219 528 2285 de
557 2198 699 2309 quorum
725 2215 804 2297 iide,
834 2213 1020 2283 auctoritate
1051 2230 1082 2278 ct
1111 2239 1174 2280 usu
1198 2217 1233 2283 in
1259 2235 1407 2285 veterum

221 2348 343 2436 scriptis
358 2342 603 2436 interpretandis
624 2343 712 2433 apud
726 2366 799 2422 vos,
810 2341 854 2408 V.
867 2341 917 2421 (1.,
934 2357 1037 2428 pauca
1054 2339 1204 2408 disserere
1220 2345 1347 2412 animus
1360 2364 1408 2413 est

221 2491 252 2539 et
278 2491 397 2563 ponere
424 2474 583 2565 quaedam
611 2469 821 2550 fundamenta
855 2468 1034 2551 doctrinae,
1064 2493 1149 2561 quae
1174 2470 1346 2541 lectionem
1375 2493 1408 2543 et

221 2604 513 2691 interpretationem
531 2599 734 2666 classicorum
750 2595 916 2686 aliquanto
926 2590 1025 2662 faciet
1036 2598 1266 2686 expeditiorem
1280 2620 1313 2669 et
1326 2606 1406 2670 sim-

221 2730 399 2819 pliciorem,
419 2731 557 2797 discussa
579 2726 717 2807 nebula,
734 2748 834 2814 qnam
855 2725 905 2789 isti
927 2723 1135 2792 Grammatioi
1156 2745 1190 2816 et
1208 2729 1407 2798 Grammati-

220 2861 312 2925 castri
330 2857 525 2925 offuderunt.
548 2856 698 2945 Namque
715 2876 822 2919 caecos
840 2868 872 2918 et
883 2853 1044 2940 imperitos
1060 2854 1157 2921 duces
1173 2875 1355 2947 sequuntur
1372 2879 1404 2926 et

221 2987 327 3052 adhuc
345 2986 444 3051 secuti
471 2999 549 3051 sunt
559 2983 623 3073 ¹qui
640 2983 774 3046 istorum
795 2978 859 3044 fide
879 2980 954 3044 stari
974 3003 1064 3068 posse
1088 2982 1241 3065 credunt,
1263 2984 1405 3052 mihiex

220 3112 345 3188 assidua
366 3134 479 3176 eorum
495 3108 632 3175 lectione
655 3125 688 3174 et
709 3131 772 3173 usu
793 3130 884 3171 nunc
908 3106 981 3171 satis
1001 3125 1203 3198 compertum
1221 3127 1279 3177 est:
1385 3154 1388 3160 -

264 3218 407 3330 primum
428 3234 512 3303 nihil
534 3237 571 3302 iis
586 3237 661 3301 sine
684 3250 760 3300 teste
787 3232 1000 3317 credendum,
1015 3238 1132 3327 utqui
1155 3238 1290 3328 ineptias
1309 3232 1405 3309 omne

219 3390 320 3458 genus
342 3365 524 3432 inconsulto
540 3364 717 3453 receperint
740 3363 887 3453 undique
909 3379 940 3428 et
959 3363 1150 3453 quisquilias
1165 3367 1313 3456 pueriles.

263 3496 377 3562 deinde
394 3495 510 3585 passim
532 3517 585 3558 eos
613 3491 721 3560 vitiose
747 3491 870 3579 scriptis
897 3490 1063 3556 codicibus
1082 3490 1179 3559 fuisse
1203 3495 1238 3560 in
1255 3493 1401 3561 fraudem

217 3624 376 3689 inductos.

257 3765 333 3818 ‚tum
347 3747 518 3839 plerosque
537 3771 646 3813 omnes
667 3766 772 3837 neque
791 3746 833 3812 ab
849 3747 967 3812 iudicio
985 3744 1128 3813 multum
1143 3771 1248 3839 neque
1265 3741 1308 3814 ab
1326 3772 1403 3815 erut·

218 3876 337 3943 ditione
359 3873 481 3941 valere:
511 3876 648 3963 speciem
672 3872 830 3963 praebere·
847 3871 954 3962 plures
976 3872 1166 3945 multifariae
1182 3874 1326 3964 lectionis
1348 3877 1404 3944 sed

218 4005 349 4072 inanem
366 4017 398 4067 et
412 3999 569 4068 fallacem.
663 4050 665 4057 ,

262 4128 419 4217 denique,
447 4128 537 4217 quod
565 4151 675 4194 vereor
703 4151 743 4194 ne
773 4127 919 4193 videatur
945 4117 1124 4194 absurdum
1155 4129 1210 4220 sed
1245 4153 1322 4197 mox
1347 4129 1405 4195 de-

216 4270 430 4320 monstratum
452 4253 552 4334 dabo,
576 4248 701 4345 antiqui
732 4255 884 4320 sermonis
905 4254 1021 4322 Graeci
1051 4272 1116 4320 tam
1139 4255 1235 4322 facisse
1260 4257 1403 4360 ignaros,

217 4400 255 4447 ut
284 4381 380 4447 hodie
402 4380 542 4468 tironem
570 4383 689 4471 pudeat
720 4406 755 4448 ea
786 4384 992 4465 commisisse,
1017 4406 1100 4473 quae
1124 4373 1241 4476 magni
1264 4383 1405 4449 nominis

216 4509 447 4575 Grammaticos
471 4508 638 4600 deliquisse
657 4527 688 4575 et
712 4533 830 4575 errasse
853 4508 979 4599 liquido
1001 4525 1133 4575 constat.
1208 4577 1212 4581 ,
