3060 5302
539 396 808 444 cuanmrrconvu
831 396 991 443 versatu.
1315 379 1355 444 ts

171 551 328 640 Mirabile
343 587 409 631 esse
425 587 494 629 non
512 587 611 655 nego:
634 566 699 630 imo
722 562 838 629 addam
859 586 943 657 quae
958 561 1138 630 movebunt
1158 565 1358 635 mirationem

172 695 268 760 etiam
285 694 449 758 maiorem.
492 691 658 780 Perspexit
676 689 755 756 olim
773 692 920 781 princeps
940 689 1134 757 Criticorum
1157 715 1257 781 quam
1280 709 1359 759 esset
1399 709 1403 716 “

176 820 270 888 nihili
288 845 323 886 ea
344 821 513 886 auctoritas
531 835 573 902 et,
588 834 733 911 quaerat
750 820 927 885 constantia
947 821 1058 898 animi,
1075 819 1166 908 quod
1176 843 1274 887 nemo
1293 837 1360 887 erat

177 971 289 1029 ausus,
312 944 487 1036 propalam·
499 963 531 1012 et
551 945 618 1011 alta·
636 969 714 1013 voce
741 947 971 1036 pronuntiavit.
1017 947 1078 1013 Res
1101 971 1177 1015 eum
1195 946 1237 1013 ed
1255 946 1359 1038 Hesy-

177 1075 287 1143 chium
309 1073 482 1157 detulerat,
503 1077 628 1165 aperuit
648 1077 822 1141 vanitatem
845 1074 1036 1139 hominiset
1053 1075 1234 1141 vecordiam
1250 1077 1357 1143 incre·

178 1202 309 1269 dibilem
340 1218 372 1269 ct
398 1204 442 1267 sic
463 1202 603 1291 aperuit,
626 1220 664 1268 ut
686 1200 837 1279 malevoli
853 1218 886 1271 et
904 1202 1005 1267 invidi
1021 1200 1261 1286 obtrectatores,
1279 1227 1360 1294 ques

178 1330 332 1420 plurimos
368 1346 480 1403 nactus
511 1345 558 1397 est
578 1329 720 1420 ubique,
742 1352 784 1401 ne
811 1329 931 1401 hiscere
959 1329 1092 1418 quidem
1120 1347 1231 1398 oonua
1259 1331 1360 1397 aude-

178 1475 259 1524 rent.
282 1459 421 1525 Ferreus
435 1458 476 1522 sit
496 1479 622 1523 necesse
639 1472 686 1521 est
703 1457 847 1563 quisine
861 1478 980 1546 magna
991 1456 1214 1548 indignatione
1220 1457 1362 1551 perlegat

177 1587 308 1680 longam
333 1584 446 1651 seriem
472 1583 730 1673 turpissimorum
757 1607 921 1664 mmmm,
953 1607 1035 1672 ques
1062 1587 1148 1659 crisie
1176 1585 1361 1655 Rendeiana

179 1713 343 1805 Hesycbio-
365 1709 476 1780 obiicit
501 1725 535 1776 et
560 1710 731 1783 manifesto
748 1688 867 1801 erguiti
901 1708 1108 1801 Applausum
1128 1715 1359 1804 coeundique:

179 1844 251 1908 s'atis
268 1843 329 1915 erit
344 1838 579 1923 Ruhnkenium
588 1842 783 1920 nominasse,
793 1837 1029 1913 elementissimi
1039 1842 1158 1932 ingenii
1175 1858 1207 1907 et
1220 1844 1361 1913 circum·

179 1971 278 2061 specti
304 1969 413 2035 iudicii
437 1967 606 2068 cuneum,
621 1971 682 2060 qui
701 1967 812 2037 scribit
832 1967 875 2032 ad
899 1991 1048 2034 severum
1074 1940 1201 2041 critices.
1218 1967 1361 2039 tribunal

180 2101 313 2171 citatum
323 2095 520 2186 Hesychium
528 2144 539 2176 ,
558 2098 612 2161 eui
629 2097 707 2163 satis.
723 2095 878 2167 diuturna
895 2113 1099 2184 peccatorum
1112 2098 1286 2188 impunitas
1300 2097 1362 2165 ob·

179 2228 306 2319 tigisset.
345 2224 405 2290 Est
418 2245 538 2316 operae-
547 2224 688 2313 pretium
702 2226 798 2295 etiam
820 2224 901 2293 haee
918 2248 957 2289 ex
976 2224 1171 2298 Ruhnkenio.
1191 2250 1362 2316 apponere,

182 2376 264 2442 quae
289 2377 365 2426 mox
381 2349 475 2419 nobis
498 2369 595 2425 erunt
620 2354 703 2426 usui,
750 2353 936 2442 “Equidem
962 2351 1179 2444 saliacum
1196 2354 1363 2422 Caeam

184 2506 281 2563 num,
297 2482 489 2557 &imaum
507 2483 692 2573 horumque
711 2481 827 2551 similes
847 2480 985 2553 arbitror
1004 2506 1231 2575 saepenumero
1248 2485 1294 2551 sic
1312 2507 1363 2553 se·

183 2633 258 2685 cum
274 2613 440 2702 cogitasse:
462 2627 606 2682 monstrt
629 2608 777 2701 loquitur
793 2609 1041 2692 Grammaticus,
1058 2613 1239 2702 gravissime
1260 2630 1361 2695 errat,

182 2706 391 2828 deceptu-eat
400 2735 568 2808 literarum
584 2737 808 2822 similitudine,
822 2740 984 2805 truncavit
1001 2763 1113 2806 vocem
1127 2777 1170 2793 ·-
1185 2740 1244 2808 sed
1254 2744 1363 2832 magni

180 2864 227 2931 illi
249 2867 312 2936 viri
330 2889 416 2956 quae
436 2867 591 2941 sentirent
609 2864 723 2956 palem
737 2867 845 2939 &cere
863 2890 932 2940 non
954 2865 1143 2948 audebant„
1155 2868 1225 2936 sive
1243 2867 1362 2935 Gram-

181 2994 288 3063 matici
309 2996 500 3068 auctoritate
517 2994 674 3076 deterriti,
686 2995 752 3062 sive
770 2992 1227 3066 clamoribussemidoctorum
1240 3021 1364 3086 semper

181 3118 437 3211 obstrepentium
455 3120 652 3189 doctioribus
666 3145 728 3188 nec
741 3123 816 3188 satis
828 3146 933 3213 aequo
949 3125 1061 3193 animo¹
1070 3123 1243 3191 ferentium
1257 3126 1363 3213 ipsum

180 3239 385 3341 Heavehium
398 3251 596 3335 inuetitum
608 3250 719 3346 engi?
732 3251 805 3328 dua
817 3251 964 3348 exempta
977 3253 1090 3325 audite·
1099 3277 1262 3341 errorum,
1275 3252 1363 3319 unde

181 3379 365 3447 coniectura
385 3380 441 3447 fiat
463 3372 671 3462 decoctoris,
691 3389 791 3455 ἄωςω
809 3383 888 3449 dicit
914 3391 1064 3470 optimum
1092 3379 1281 3471 significare,
1304 3402 1363 3468 pro

182 3510 291 3599 λῷςον,
312 3526 426 3579 contra
443 3515 541 3600 idom
560 3510 589 3574 ei
617 3523 664 3577 eet
690 3517 859 3577 immatura
889 3525 989 3576 morte
1019 3523 1149 3595 raptus,
1172 3530 1231 3596 pro
1252 3517 1363 3596 ὄωρρς,

182 3639 367 3707 meministis
388 3663 441 3705 me
462 3663 561 3728 supra
574 3636 691 3709 attone
706 3661 746 3705 ex
758 3639 871 3706 eodem
889 3637 1159 3728 κεισιβδηλωμένοι
1178 3658 1237 3725 pro
1256 3638 1364 3722 aaut.

182 3763 288 3833 Scatet
300 3766 419 3835 talibus
433 3784 465 3834 et
477 3741 573 3834 nemo
587 3785 664 3835 ante
675 3767 859 3839 bentleiunu
879 3768 977 3849 tadu,
990 3783 1089 3835 certe.
1110 3788 1205 3830 ausus
1235 3780 1288 3828 est
1312 3763 1364 3828 ei-
1412 3746 1414 3751 ⁵

181 3917 266 3961 cere.
308 3896 400 3981 Qud,
417 3913 525 3963 auum
546 3912 593 3964 est
614 3895 708 3986 qttod
722 3894 870 3967 dicebam
890 3897 990 3988 magis
1005 3897 1102 3961 etiam
1116 3916 1180 3958 esse
1193 3887 1363 3957 mirabile?

181 4043 301 4110 nempe.
316 4025 464 4089 omnium
486 4021 781 4093 Grammaticorum
795 4023 911 4095 eadem
928 4039 977 4090 est
1003 4024 1101 4103 rano„
1124 4045 1226 4110 quam
1247 4021 1283 4085 in
1297 4019 1365 4085 He-

182 4150 292 4241 sycbio
317 4151 488 4225 -Bentleins
520 4152 762 4220 demonstravie:
793 4151 886 4241 quod·
905 4152 940 4218 in
973 4138 1133 4240 Hesycbio
1162 4171 1234 4214 uno.
1255 4145 1366 4211 videm

183 4302 310 4362 omnes,
333 4281 420 4350 idem-
438 4302 550 4350 omnes
567 4281 603 4349 in
618 4281 752 4347 caeteris.
765 4278 1010 4369 praetervident.
1032 4277 1164 4369 Augeae
1185 4292 1233 4342 est
1253 4272 1366 4340 suha-

120 4445 132 4468 κ
183 4403 268 4475 lum:
292 4426 353 4479 aut,
362 4425 439 4475 sunt
453 4405 646 4498 quisquiliae
660 4406 781 4474 nullius
796 4408 928 4487 omnine
941 4408 1096 4475 momenti
1110 4429 1171 4471 nec
1185 4404 1296 4494 pretii,
1309 4415 1366 4467 ant

183 4535 357 4624 scripturae
378 4538 523 4614 vitiosae,
549 4551 606 4603 em
626 4536 772 4603 doctrine
791 4552 1007 4625 praepostera,
1034 4558 1072 4600 ca
1094 4534 1234 4623 denique
1258 4529 1365 4596 omnia
