3060 5302
175 317 216 381 40
461 334 501 382 na
522 333 675 380 orsnors
700 332 884 379 sennenn
906 331 1024 379 eruca

158 455 404 594 Sophocleum,
433 499 607 566 bacchatur
642 498 677 562 in
707 495 781 565 'hoc
819 519 951 586 quoque
988 519 1102 588 genere
1145 495 1345 587 Aeschylus,

172 634 264 698 cuius
304 623 422 714 ῥήμαθ’
444 621 639 707 ἱπποβάμονα
674 647 765 713 saepe
802 647 871 690 uon
899 641 1008 690 carent
1039 623 1095 690 illo
1130 626 1225 703 vitio,
1254 624 1347 714 quod

172 756 346 822 condonari
368 769 485 844 potest,
507 752 588 842 quin
611 751 705 815 etiam
726 750 831 833 debet,
853 750 895 816 ab
916 752 1086 842 ingeniosis
1107 750 1283 818 lectoribus
1302 751 1346 819 sd

172 899 292 973 aestum
328 880 462 946 furentis
492 880 570 945 vatis
592 877 702 943 eadem
730 877 859 943 flamma
887 877 1196 957 excandescentibus,
1226 874 1345 969 negligi

70 1064 76 1081 ι
172 1007 214 1074 ab
242 1007 457 1074 Grammatico
502 1029 562 1071 nec
597 994 691 1070 debet
729 1028 792 1073 nee
829 1021 945 1094 potest,
982 1027 1025 1070 ne
1065 1004 1205 1072 Graecus
1241 1002 1368 1071 sermo¹

171 1137 238 1201 sine
267 1133 336 1228 loge
368 1136 435 1200 sine
464 1136 598 1199 ratione·
615 1131 815 1224 ubicumque
846 1131 921 1198 ferri
952 1134 1001 1203 in·
1017 1155 1165 1222 praeceps
1191 1149 1223 1198 et
1251 1155 1344 1199 ruere

172 1263 376 1341 existimetur,
399 1285 464 1352 quo
486 1284 554 1326 non
576 1278 622 1327 est
644 1259 724 1326 elius
746 1259 834 1327 ullus
849 1262 898 1326 -ad
919 1284 1012 1328 sanae
1027 1263 1141 1327 mentis
1159 1249 1345 1349 simplicita-

171 1404 236 1453 tem
258 1405 305 1470 et,
328 1390 354 1453 si
376 1389 419 1452 ita
443 1386 546 1481 dicere
568 1386 658 1470 licet,
673 1389 871 1454 serenitatem
892 1368 1164 1455 accommodatior.
1209 1391 1344 1454 Innatus

136 1516 140 1524 '
172 1514 343 1606 elegantiae
371 1532 402 1580 et
433 1513 568 1604 pulchri·
593 1539 702 1580 sensus
724 1517 839 1604 passim
868 1514 989 1580 Atticos
1021 1524 1127 1604 po'e‘tas
1160 1516 1194 1579 in
1218 1538 1345 1581 summo

171 1635 354 1724 κακοζηλίας
374 1640 515 1731 periculo
546 1665 669 1708 servare
696 1640 738 1706 ab
757 1642 826 1706 istis
846 1643 995 1721 orationis
1016 1639 1174 1707 obsoletae
1196 1657 1228 1706 et
1249 1639 1346 1709 affec-

171 1786 253 1836 tatae
275 1771 411 1858 ineptiis*
429 1767 549 1834 solebat
558 1793 568 1858 :¹
596 1767 777 1833 abutuntur
807 1765 852 1831 illi
885 1768 1015 1857 quidem
1045 1769 1100 1839 sed
1132 1768 1292 1860 eleganter
1313 1788 1346 1837 et

171 1897 336 1988 splendide
360 1896 540 1962 abutuntur
561 1901 707 1962 veterurir
728 1895 880 1985 reliquiis,
902 1895 1022 1985 quibus
1040 1896 1161 1962 ¹novam
1180 1898 1279 1962 vitam
1292 1899 1346 1962 in—

171 2027 251 2116 signi
274 2023 404 2090 artificio
428 2023 559 2089 reddere
580 2022 777 2103 nitebantur,
813 2023 868 2088 sed
889 2022 1019 2088 frustra:
1054 2021 1143 2088 uliud
1164 2040 1235 2088 erat
1258 2027 1347 2112 peri-

171 2149 284 2216 eulum
307 2154 341 2216 in
357 2148 530 2216 verborum
544 2175 704 2216 novorum
725 2151 1019 2239 compositione-aut
1038 2149 1241 2228 derivatione,
1255 2151 1348 2238 quod

171 2280 312 2370 Trogitis
334 2283 380 2344 es't
410 2303 486 2344 cum
518 2281 645 2345 coeteris
677 2280 827 2363 omnibus
860 2302 1040 2347 commune.
1068 2280 1202 2367 ,Nempe
1235 2303 1347 2345 omnes

173 2405 285 2482 Graeci
316 2429 382 2470 non
413 2408 521 2471 minus
553 2409 643 2501 eopia
676 2390 816 2501 linguae*
837 2407 1007 2495 praesentis
1032 2422 1185 2490 utuntur,
1207 2405 1347 2495 popula-

173 2534 258 2597 rium
271 2533 442 2598 ,communi
464 2547 495 2597 et
517 2535 671 2596 constanti
685 2558 748 2600 usu
770 2514 920 2611 firmatae,
943 2556 1042 2623 quam
1063 2549 1165 2605 certae
1187 2557 1224 2598 ac
1245 2534 1346 2598 stabi-

173 2657 211 2724 lis
234 2656 395 2751 analogiae
411 2681 471 2746 ope
483 2656 646 2749 fingebant
654 2657 714 2724 sibi
726 2661 863 2749 quisque
874 2657 1041 2747 extemplo,
1054 2682 1119 2755 quo
1128 2659 1162 2723 in
1174 2683 1241 2724 rem
1252 2684 1347 2748 prae-

172 2802 294 2852 sentem
315 2783 479 2849 commode
501 2801 654 2848 uteretur.
676 2783 804 2879 Vulgus
824 2785 995 2849 hominum
1015 2786 1050 2848 in
1072 2784 1133 2849 hoc
1151 2808 1264 2879 genere
1279 2810 1346 2877 quo

173 2915 280 2985 minue
301 2914 429 3007 ingenio
450 2910 543 2999 valet,
561 2936 598 2985 eo
612 2899 712 3004 niagis
734 2931 868 2979 cautum
880 2931 935 2991 est;
958 2911 1075 2979 multos
1098 2937 1189 3005 saepe
1212 2931 1268 2978 aut
1281 2917 1347 2979 ira-

174 3040 291 3105 cundia
321 3038 410 3105 effert
441 3056 497 3104 aut
529 3040 675 3128 dicacitas
705 3057 743 3105 ut
764 3040 892 3107 eliciant
914 3040 1037 3132 aliquid
1058 3044 1145 3122 novi,
1168 3043 1257 3132 quod
1278 3067 1347 3109 non

174 3169 213 3233 sit
235 3168 357 3233 dietum
379 3169 480 3257 prius,
505 3166 621 3257 reliqui
644 3185 681 3234 ut
703 3171 841 3259 quisque
863 3187 909 3236 est
919 3171 1194 3262 ingeniosissimus,
1217 3173 1260 3235 ita
1271 3169 1348 3259 plu-

174 3297 254 3367 rima
285 3298 368 3366 inter
399 3295 605 3369 scribendum
627 3314 683 3363 aut
705 3298 887 3369 canendum
910 3297 1045 3371 effundit
1065 3301 1192 3369 caeteris
1214 3299 1348 3379 indicta,
1397 3360 1415 3395 ,Ι

175 3425 321 3502 suaviter,
344 3422 463 3512 lepide,
486 3422 651 3513 splendide
673 3424 819 3520 formata:
843 3449 957 3490 verum
979 3427 1013 3489 in
1032 3425 1095 3491 'hoc
1116 3449 1249 3515 quoque
1271 3429 1349 3491 arti-

175 3549 245 3615 ficio
267 3548 424 3615 labuntur
442 3551 604 3617 interdum
626 3567 657 3617 et
672 3551 855 3622 dormitam.
899 3552 1023 3617 Notum
1043 3568 1088 3617 est
1108 3552 1188 3644 quid
1208 3554 1268 3641 ipsi
1287 3552 1349 3619 So-

174 3675 281 3768 phocli
304 3678 461 3757 acciderit,
476 3679 533 3767 qui
554 3702 658 3769 quum
677 3680 847 3743 enehorum
867 3688 956 3743 navis
978 3679 1143 3770 magnifice
1166 3679 1277 3746 efferre
1291 3704 1360 3746 vom

179 3899 394 3907 ——m

64 4042 67 4048 ·
174 4013 300 4065 vocabulo
326 4013 380 4064 vim
413 4029 443 4063 ac
470 4023 625 4082 potestatem
654 3992 731 4085 quarn
756 4014 874 4079 lubebat,
907 4033 960 4073 non
991 4016 1076 4068 minus
1106 4035 1185 4088 quarn
1215 4018 1350 4088 Sophocles

175 4125 248 4186 κόρας
270 4120 451 4185 &perueniret
474 4095 646 4193 nuncupavit.
683 4116 849 4176 Nemo'haec
866 4135 936 4177 certo
957 4112 1135 4195 intelligebat:
1172 4127 1268 4178 multos
1286 4122 1350 4173 deli-

175 4232 268 4289 niebat,
319 4234 431 4285 rvetusti
449 4234 561 4296 nominis
577 4231 689 4301 gravitas
706 4251 736 4287 eo
757 4234 868 4303 pondus.
887 4233 1065 4305 supersedebo
1085 4237 1112 4288 in
1134 4236 1182 4288 hae
1199 4233 1275 4284 borae
1292 4230 1352 4283 bre·

174 4343 256 4399 ritate
271 4343 337 4399 ‘aliis
352 4344 486 4413 exemplis,
505 4362 615 4415 quorum
629 4345 728 4403 affatim
750 4345 833 4398 estin
854 4323 1018 4412 'l'regioerum
1037 4345 1234 4400 Atheniensium
1259 4342 1355 4397 salariis

175 4462 202 4505 et
220 4452 375 4519 frequentia
