3060 5302
173 397 194 463 t
553 413 592 458 ur
615 410 827 458 aucrotrrtrr
850 412 889 456 nr
913 410 969 456 usu

172 579 336 649 Nubibus.
381 583 492 670 Itaque
511 603 602 670 saepe
625 580 710 645 idem
732 580 847 672 passim
864 577 1004 644 inculcat
1026 578 1228 646 auditoribus
1251 582 1295 644 ita
1318 596 1356 644 ut

172 706 374 773 sanctissimos
395 706 478 771 iocos
496 706 625 771 misceat
640 721 705 769 tam
724 705 876 793 prudenti
893 703 1040 785 consilio,
1056 721 1094 770 ut
1107 705 1227 772 nescias
1241 723 1356 771 utrum

171 832 250 898 haec
273 832 379 899 ridens
393 854 435 896 an
455 849 594 921 moestus
616 834 784 920 scripserit.
807 833 966 917 Moestitia
981 833 1069 900 subit
1080 835 1229 901 animum
1243 832 1304 900 ubi
1318 835 1356 901 in

172 959 326 1029 Nubibus
340 962 489 1050 antiquos
503 981 611 1029 mores,
622 975 653 1028 et
665 981 766 1029 novos
780 976 958 1049 comparat,
974 977 1006 1026 et
1020 961 1183 1027 decertant
1201 963 1220 1031 ὁ
1240 961 1358 1038 δίκαιος

172 1087 274 1176 λόγος,
287 1091 390 1157 virtus
403 1089 564 1165 maiorum
578 1102 607 1152 et
620 1088 639 1155 ὁ
651 1090 751 1171 ἄδικος
765 1085 949 1177 aequalium
962 1085 1078 1160 callida
1090 1088 1244 1178 nequitia·
1277 1089 1310 1157 Ν
1312 1112 1357 1159 on

172 1239 296 1306 semper
308 1213 425 1282 ridebit
438 1216 496 1305 qui
510 1214 644 1308 Equites
657 1190 696 1280 eo
711 1184 818 1279 animo
834 1212 962 1305 releget,
978 1230 1016 1279 ut
1028 1213 1135 1281 videat
1149 1234 1249 1305 quam
1264 1233 1358 1285 caute

171 1353 265 1431 po'e'ta
287 1341 350 1408 boc
372 1339 465 1409 ulcus
488 1357 597 1432 tangat
618 1357 650 1408 et
672 1342 806 1430 optimas
830 1356 910 1406 artes
924 1342 1083 1407 maiorum
1096 1359 1359 1431 componateum

172 1467 373 1550 auditorum,
403 1469 461 1558 qui
490 1469 525 1533 in
547 1489 642 1534 cavea
664 1466 810 1534 sederent
827 1465 925 1533 serme
948 1467 1111 1550 omnium,
1135 1470 1358 1558 improbitate,

69 1578 72 1581 ¹
172 1597 313 1688 ignavia,
337 1610 475 1684 stupore.
513 1594 642 1659 Morosa
664 1610 696 1658 et
721 1593 788 1660 sine
811 1591 920 1659 fructu
943 1596 1090 1683 queritur
1112 1611 1144 1660 et
1166 1595 1264 1662 eiulat
1286 1599 1358 1662 Iso-

172 1739 271 1791 crates
294 1721 398 1789 surdis
420 1718 563 1787 auribus.
587 1720 687 1787 Periit
701 1718 846 1802 libertas,
862 1721 984 1810 periere
998 1722 1144 1810 spiritus,
1157 1745 1254 1791 nemo
1269 1748 1359 1792 unus

173 1866 314 1941 superest
337 1847 474 1914 Athenis
492 1848 541 1914 vir
562 1852 699 1940 magnus
720 1864 752 1914 et
766 1872 839 1916 acer
853 1850 984 1930 animo,
1001 1849 1182 1917 Demetrius
1196 1853 1277 1918 dixit
1290 1853 1358 1918 Po-

172 1978 316 2058 liorceta‚
343 1978 526 2070 indignatus
549 1976 789 2045 abiectissimam
811 1976 1042 2045 adulationem:
1069 1979 1153 2060 etate
1182 1983 1358 2069 Ἀθηναιων

172 2108 219 2174 ἐπ’
238 2111 318 2192 ἐμοῦ
334 2108 432 2194 γέγονε
451 2108 546 2195 μέγας
565 2105 587 2195 ἢ
606 2107 698 2196 α’δρὸς
717 2107 773 2196 τήν
791 2105 909 2196 ψυχήν.
945 2105 1066 2173 Athen.
1088 2105 1151 2173 VI.
1174 2108 1226 2173 69.
1250 2111 1359 2177 incoe-

173 2231 270 2298 dibile
299 2232 387 2299 dictu
409 2250 456 2299 est
477 2257 577 2324 quam
598 2205 692 2299 foeda
713 2249 745 2300 et
766 2232 919 2324 flagitiosa
940 2229 1123 2338 adulatione
1145 2234 1196 2299 isti
1217 2232 1360 2303 blanditi

172 2361 292 2429 fuerint
321 2365 411 2428 cuius
441 2386 545 2451 quum
573 2359 757 2451 exemplum
779 2359 933 2428 attulisset
961 2359 1046 2427 idem
1076 2361 1258 2453 ingenioso,
1280 2388 1357 2435 nara

172 2491 414 2571 fatendumst,
437 2506 468 2554 et
482 2487 673 2578 lepidissimo
703 2490 844 2555 carmine
869 2489 1040 2576 scriptum,
1063 2486 1119 2552 sed
1145 2488 1236 2578 quod
1257 2492 1360 2578 spirat

172 2621 293 2685 animos
316 2618 454 2684 abiectos
476 2633 509 2683 et
529 2618 660 2708 ignavos
674 2617 795 2682 civium
808 2614 958 2681 subiecit:
974 2614 1053 2680 haec
1074 2616 1172 2707 igitur
1186 2633 1360 2685 cantarunt

172 2751 201 2815 oi
223 2746 521 2838 Μαραθωνομάχαι,
541 2747 599 2835 qui
627 2746 737 2835 capitis
765 2745 957 2811 damnarant
978 2743 1135 2837 legatum,
1157 2746 1248 2835 quod
1269 2745 1359 2813 obli·

172 2893 224 2943 tus
245 2877 415 2942 maiestatis
436 2873 551 2966 populi
573 2872 672 2940 Attici
694 2896 801 2965 regem
822 2873 993 2939 Persarum
1015 2874 1184 2939 adorasset.
1231 2873 1359 2968 Verum

172 3019 280 3078 autem
302 3019 371 3070 erat
384 3001 474 3092 quod
488 3000 646 3072 Demades
660 3001 790 3067 iecerat:
799 3001 916 3065 civitas
930 3022 1040 3080 nune,
1055 3000 1174 3089 inquit,
1187 3017 1234 3067 est
1247 3000 1358 3070 vetula

173 3153 254 3199 anus
284 3131 444 3219 decrepita
473 3127 612 3216 sandalis
641 3127 756 3192 induta
785 3142 816 3191 et
845 3127 1003 3214 ptisanam
1030 3125 1229 3196 sorbens-
1254 3133 1360 3220 perire

172 3258 269 3327 satius
288 3275 358 3337 ¹erat
381 3279 481 3346 quam
502 3259 547 3324 sic
569 3259 685 3323 vivere.
710 3253 755 3321 At
776 3276 876 3343 quam
892 3253 1071 3323 diffitentur
1087 3280 1198 3324 omnes
1212 3261 1358 3348 turpitu2

173 3385 430 3466 dinem,·multis
452 3386 555 3453 modis
577 3388 636 3475 ipsi
653 3368 745 3451 ‘ultro
767 3381 955 3474 arguebant3
972 3383 1150 3474 dequibus
1172 3408 1279 3451 unum
1301 3387 1356 3451 in-

163 3512 304 3595 dicabo,
327 3519 482 3604 quoniam
503 3541 554 3583 me
579 3516 674 3583 ducet
697 3537 764 3604 quo
787 3513 915 3580 dudum
937 3537 1087 3604 propero.
1108 3516 1234 3604 Nempe
1248 3519 1360 3583 omnia

159 3650 346 3729 'personant
368 3643 520 3711 laudibus
546 3646 705 3725 maiorum
727 3659 758 3707 et
779 3642 993 3732 antiquitatis:
1019 3642 1181 3732 quidquid
1204 3660 1251 3709 est
1271 3647 1359 3710 anti-

174 3791 279 3859 quum
301 3771 502 3858 praeclarum
523 3789 555 3839 et
569 3774 723 3849 eximium
736 3769 893 3849 babebit.
907 3769 1046 3852 Sordent
1064 3792 1148 3835 nova
1167 3768 1210 3834 ad
1230 3769 1312 3839 baec
1327 3790 1360 3840 et

174 3898 286 3962 iacent.
317 3896 429 3965 Sermo
451 3901 610 3981 Graecus,
635 3903 670 3966 in
693 3922 760 3988 quo
782 3900 955 3990 estimago
978 3915 1163 3987 temporum
1178 3915 1213 3981 et
1226 3921 1357 3999 rnorem

174 4022 262 4095 velut
285 4026 318 4091 in
341 4027 470 4115 speculo
493 4052 651 4117 expressa,
675 4028 790 4116 passim
812 4027 874 4095 hoc
896 4026 1006 4103 docet:
1028 4026 1164 4116 ἀρχαίας
1184 4023 1261 4093 olim
1279 4048 1354 4101 mm

174 4164 336 4242 contemtu
360 4150 534 4233 dicabatur,
558 4169 811 4226 contemnuntur
830 4153 872 4229 aei
891 4152 1023 4242 ἀρχαῖοι,
1042 4151 1181 4234 absona,
1199 4150 1354 4230 morde,

115 4304 120 4322 ¹
172 4280 280 4367 inepta
301 4295 385 4344 sunt:
409 4302 495 4347 nova
516 4283 623 4345 omnia
645 4297 722 4347 sunt
743 4282 778 4345 in
799 4279 932 4355 honore.
959 4278 1001 4347 ἐκ
1018 4281 1110 4357 ἀείδω
1124 4280 1164 4357 ια’
1175 4274 1292 4349 παλαιά
1308 4279 1356 4347 To*

170 4402 355 4499 adluad'rlu
370 4405 484 4494 Κρόνος
498 4416 606 4495 Ιἄρχων
621 4408 704 4487 Νιὲος
721 4410 739 4476 ὁ
759 4407 836 4487 Zetis
854 4404 1005 4493 {tertiariae
1027 4426 1137 4495 quum·
1147 4404 1276 4471 canitur
1290 4421 1357 4471 tota

171 4536 292 4604 theatra
306 4535 518 4626 applaudunt.
