3060 5302
97 2039 213 2130 Nolite
236 2063 362 2143 mirari,
386 2065 447 2128 viri
469 2059 588 2143 celeb„
611 2063 637 2126 si
665 2083 755 2126 nunc
776 2085 908 2151 quoque
929 2085 968 2127 ex
988 2085 1024 2127 ea
1046 2077 1135 2150 parte
1156 2063 1280 2127 studio-

95 2215 173 2258 rum
198 2213 360 2270 meorum,
384 2215 402 2254 a
428 2215 495 2281 qua
518 2214 571 2256 me
597 2206 741 2279 tempora
762 2206 792 2254 et
814 2188 989 2258 lectionum
1014 2189 1281 2259 Academicarum

98 2321 235 2409 rationes
257 2333 407 2398 avocant,
437 2319 605 2409 ingenium
624 2333 657 2383 et
674 2335 791 2383 natura
806 2334 967 2400 revocant,
989 2320 1010 2384 i.
1029 2342 1058 2384 e.
1081 2320 1123 2384 ad
1143 2319 1281 2385 Graecas
1311 2372 1315 2390 .

99 2445 205 2523 literas
233 2445 452 2527 illustrandas,
485 2446 527 2510 ad
553 2447 708 2514 rationem
736 2446 969 2512 Grammaticae
1000 2444 1140 2512 Graecae
1168 2469 1280 2512 emen-

104 2575 261 2658 dandam,
283 2590 511 2668 argumentum
524 2574 606 2639 mihi
628 2575 751 2654 sumsi,
769 2574 809 2639 de
828 2598 894 2665 quo
915 2577 959 2639 ita
981 2573 1022 2640 ad
1045 2597 1101 2640 vos
1122 2573 1278 2653 dicerem,
1315 2585 1317 2589 ’

104 2718 142 2768 ut
172 2719 283 2770 vestras
303 2705 474 2770 sententias
498 2704 564 2770 sive
586 2703 628 2768 ad
646 2701 876 2783 confirmanda,
900 2701 1081 2793 quaemihi
1101 2701 1210 2768 vidore
1228 2703 1281 2768 vi-

99 2831 188 2910 deor,
203 2847 236 2897 et
254 2831 417 2913 ornanda,
432 2832 498 2898 sive
516 2848 554 2896 ut
572 2848 732 2898 errantem
750 2832 925 2913 retrahatis,
943 2830 1100 2899 elicerem.
1122 2831 1282 2911 Premunt

96 2960 133 3024 in
153 2957 278 3025 Graeco
299 2982 444 3025 sermone
462 2975 494 3024 et
515 2958 643 3025 Graecis
666 2957 764 3024 literis
790 2959 895 3025 studia
917 2959 1133 3025 Grammatica
1157 2959 1282 3023 saniora

96 3084 300 3153 difficultates
320 3086 512 3177 complures.
534 3085 638 3154 Moles
659 3089 772 3179 ingens
789 3104 836 3154 est
854 3105 885 3154 et
901 3087 1026 3178 farrago
1046 3110 1156 3152 rerum
1172 3085 1279 3152 diver-

97 3216 310 3296 sissimarum,
333 3239 417 3305 quae
436 3213 587 3280 confusae
605 3232 636 3281 et
662 3218 835 3305 permixtae
856 3240 946 3281 nunc
970 3214 1128 3280 laborioso
1149 3203 1280 3278 artificio

96 3345 199 3436 magis
217 3346 312 3410 etiam
330 3347 564 3434 permiscentur
588 3362 620 3411 et
643 3344 901 3410 confunduntur.
947 3345 1143 3434 Numquam
1164 3367 1204 3408 ex
1231 3341 1281 3406 his

98 3491 239 3566 emerget
251 3473 468 3540 Grammatica
485 3476 601 3554 sanior,
621 3496 802 3562 numquam
822 3496 890 3537 non
912 3475 1080 3564 ingenium
1098 3472 1281 3536 humanum

97 3601 162 3666 hoc
183 3625 298 3693 genere
316 3605 545 3669 exercitationis
568 3601 768 3667 obtundetur
788 3598 912 3668 facilius
935 3625 1035 3692 quam
1055 3617 1204 3680 acuetur,
1219 3599 1281 3663 do-

97 3751 180 3807 nec,
201 3745 239 3794 ut
270 3731 305 3795 in
327 3727 383 3795 illo
406 3728 615 3822 Anaxagcreo
641 3729 773 3819 placito,
798 3754 902 3820 quum
923 3731 987 3794 sint
1006 3727 1106 3801 acina
1124 3730 1165 3797 rol
1183 3727 1282 3818 πράγ-

46 3908 53 3917 .
96 3883 184 3940 ματα
210 3858 302 3940 ὁμοῦ,
328 3857 347 3924 ὁ
372 3862 443 3935 νοῦς
471 3857 575 3926 attus
601 3854 804 3948 διακοσμήσει.
857 3855 1144 3948 Indignalmndus,
1177 3857 1282 3922 dicam
1333 3852 1337 3862 ’

99 3985 189 4049 enim
225 3982 325 4050 libere
366 3984 456 4074 quod
497 3987 614 4066 sentio,
647 4007 724 4050 cum
758 3984 861 4051 taedio
892 4001 924 4050 et
952 3984 1077 4051 fastidio
1111 3985 1195 4053 soleo
1228 3988 1281 4052 in-

99 4112 220 4200 spicere
256 4129 288 4178 et
321 4112 474 4179 adhibere
504 4111 573 4178 illas
607 4115 731 4203 copias,
768 4108 849 4204 quas
885 4114 1056 4180 doctissimi
1090 4091 1215 4206 quique
1251 4132 1283 4181 et

99 4239 298 4308 celeberrimi
329 4241 622 4308 Grammaticorum
656 4265 746 4308 nunc
783 4240 885 4308 solent
915 4245 950 4308 in
982 4244 1126 4335 ingentes
1155 4265 1282 4308 acervos

100 4386 262 4436 exstruere
291 4369 334 4434 ad
366 4372 522 4439 rationem
547 4388 579 4438 et
608 4395 705 4449 usum
736 4370 853 4437 Graeci
883 4373 1035 4439 sermonis
1054 4369 1291 4459 explicandum.

101 4499 463 4590 domonstrandumque.
518 4500 608 4570 Nihil
638 4525 695 4592 ego
731 4525 821 4568 nune
844 4504 1038 4592 antiquiores
1063 4500 1280 4591 reprehendo,

91 4645 96 4654 s
1088 4630 1103 4661 i·

133 4677 141 4706 l
