3060 5302
543 397 813 450 nmrmrrtcoaurr
836 397 992 443 varunna.
1316 378 1357 440 13

179 572 223 637 sic
254 586 292 634 ut
314 567 466 634 omnibus
494 567 585 635 malis
616 568 771 635 medearis
798 569 932 657 optime,
955 567 980 631 si
1006 588 1108 630 unam
1138 561 1299 631 literalem
1315 586 1358 630 ex

180 714 265 764 certa
293 695 554 787 palaeographiae
573 697 696 761 ratione
712 693 943 760 emendaveris:
966 716 989 776 t
1006 708 1038 758 et
1055 689 1198 759 amillias
1227 692 1359 758 confusa

180 842 282 891 tantas
302 822 413 889 turbas
432 821 602 889 dederunt.
635 820 823 913 Cypselidae
844 823 888 887 sic
906 819 1035 886 fuerant
1056 822 1167 886 iocati:

341 987 380 1052 ,tt
392 983 438 1073 μή
455 983 515 1070 lyei
530 983 664 1068 χρυσοῦς
679 948 871 1066 conminuit
886 981 946 1063 εἶμι
965 972 1107 1055 κολοσσός
1182 1074 1185 1079 Ι

382 1101 384 1105 ’
543 1103 657 1187 ἐξώλης
675 1098 720 1188 εἴη
738 1100 925 1184 Κυψελιδῶν
945 1107 1035 1185 γενεά.

179 1285 217 1333 ut
235 1283 282 1333 est
300 1267 335 1330 in
347 1264 483 1329 Latinis:
500 1261 682 1359 dispeream
692 1260 717 1324 si
736 1275 768 1333 te
782 1275 882 1324 mater
902 1234 1128 1347 amarepotest‚
1142 1273 1172 1321 et
1192 1257 1360 1346 ἀπολοίμην

180 1388 209 1455 εἴ
226 1413 259 1456 σε
277 1387 428 1474 ditiores„
438 1405 494 1454 aut

340 1537 369 1618 εἶ
387 1561 425 1614 σε,
439 1537 487 1626 μή
502 1536 741 1633 μιαῶ,,γξνωἰιην
760 1529 1105 1631 &abominandos

179 1734 211 1781 et
225 1718 342 1806 passim
358 1719 392 1782 in
407 1716 594 1782 huiusmodi
609 1715 709 1781 faceta
725 1716 893 1806 negatione
909 1712 961 1780 vel
977 1713 1214 1780 asseveratione.
1243 1712 1359 1781 Videte

179 1845 276 1936 igitur
294 1844 442 1934 quidiste
459 1843 669 1935 designaverit
689 1843 746 1932 qui
768 1840 866 1922 αὐτός·
879 1865 917 1908 ex
937 1842 1006 1927 εἶμί·
1017 1863 1114 1904 ausus
1136 1839 1176 1904 sit
1194 1837 1358 1932 refingere.

178 1936 385 2062 cogitandum
402 1987 510 2037 autem
525 1986 571 2036 est
591 1991 692 2059 quam
713 1968 805 2035 facile
824 1968 1075 2053 istaludificatio
1106 1969 1140 2033 in
1165 1985 1359 2056 perpetuum

178 2124 236 2166 nos
256 2098 354 2165 latere
371 2101 534 2188 potuisset.
555 2100 599 2164 Ni
618 2099 766 2164 Photiani
785 2101 893 2165 Lexici
911 2097 1073 2188 exemplar
1084 2099 1220 2162 unicum
1233 2099 1267 2162 in
1285 2098 1358 2164 An-

179 2226 240 2319 glia
265 2243 397 2316 patrum
417 2234 609 2292 nostrorum*
627 2242 727 2292 aetate
754 2243 832 2291 esset
867 2227 1008 2306 editum,
1040 2225 1195 2321 philologi
1223 2227 1359 2298 saniores

179 2356 383 2446 Epigramma
415 2354 661 2447 Cypselldarum
685 2352 871 2419 habuissent
891 2355 1017 2419 nodum
1048 2356 1301 2426 inextricabilem
1328 2372 1360 2423 et

182 2505 307 2549 crucem
328 2501 542 2574 perpetuam,
555 2482 672 2574 reliqui
695 2483 785 2573 quod
803 2481 906 2547 multo
937 2485 1029 2572 peius
1059 2477 1110 2550 est
1133 2486 1360 2577 'explicuissent

180 2627 211 2676 et
236 2613 309 2677 satis
342 2609 543 2677 tolerabilem
571 2632 701 2675 sensnm
724 2608 903 2675 elicuissent
934 2609 1062 2675 scilicet.
1117 2612 1358 2679 Eiusdommodi

178 2763 265 2806 error
286 2743 321 2806 in
349 2739 420 2806 loco
448 2739 591 2829 quodam
613 2738 765 2830 Diogenis
790 2739 907 2803 Laertii
928 2739 1112 2804 commissus
1136 2756 1167 2805 et
1196 2758 1355 2808 correctus

176 2870 248 2934 satis
268 2893 363 2935 omne
384 2869 447 2934 boo
465 2891 566 2960 genus
591 2868 721 2955 aperiet.
747 2864 843 2930 lubet
864 2862 1074 2954 philosophus
1096 2867 1185 2951 Bias,
1209 2893 1296 2934 unus
1314 2870 1355 2935 de

175 3013 316 3085 septema
330 2997 449 3086 οἰκέτην
466 2993 608 3084 πάροινον
625 2990 814 3083 μῆῑκᾶλαζερ
834 2990 1004 3084 δυξας-γὼ
1023 2993 1166 3080 pretim
1186 3021 1283 3064 arena
1309 3015 1356 3064 est

175 3126 243 3190 sine
266 3124 366 3191 calce:
390 3122 458 3189 noli
489 3147 619 3190 servum
648 3121 776 3188 ebrium
796 3122 928 3210 punire,
952 3145 1030 3186 nam
1049 3122 1157 3190 ebrius
1179 3149 1243 3192 esse
1264 3127 1355 3193 vide-

174 3250 275 3332 beris;
298 3275 393 3319 nemo
418 3252 497 3317 haec
522 3249 647 3316 sobrius
672 3248 810 3315 scribere
834 3265 946 3338 potest.
968 3251 1050 3339 qnid
1071 3251 1196 3318 multa?
1215 3251 1356 3344 πόροινον

175 3380 399 3445 dissecandum
412 3397 479 3444 erat
496 3377 661 3459 bifariam,
683 3393 722 3442 ut
740 3376 828 3458 esset,
851 3378 935 3442 inter
955 3377 1081 3466 pocula,
1101 3386 1173 3470 παρ’
1192 3381 1285 3467 σθω,
1305 3384 1356 3449 id.

174 3532 239 3598 que
256 3532 331 3575 vere
349 3525 379 3574 et
397 3505 518 3572 utiliter
536 3503 589 3570 ille
607 3506 690 3570 cives
703 3527 776 3568 suos
797 3501 1005 3584 admonebat,
1026 3506 1084 3594 qui
1107 3505 1253 3574 solebant
1264 3508 1355 3577 facile

175 3637 209 3700 in
226 3637 302 3702 vlno
318 3636 435 3702 irritari
452 3631 602 3712 servulis,
618 3629 892 3723 quemadmodum
908 3631 1073 3696 Romanus
1092 3631 1147 3699 ille
1157 3636 1245 3725 apud
1262 3637 1359 3711 Matr

173 3762 291 3843 dalem,
318 3766 376 3855 qui
393 3761 532 3830 malebat
551 3779 680 3828 servum
700 3759 844 3826 scindere
861 3782 961 3849 quam
981 3759 1133 3850 leporem.
1181 3763 1354 3832 Gramma·

172 3893 254 3957 ticus
283 3890 397 3982 aliquis
431 3889 541 3958 locum
573 3888 725 3956 describit
741 3906 773 3954 et
797 3913 857 3978 pro
877 3888 1126 3979 ndmrmdedit
1144 3893 1296 3978 μέθυσον,
1315 3919 1354 3962 ex

172 4016 235 4083 levi
253 4016 369 4083 morbo
388 4016 566 4084 insanabile
579 4015 719 4099 malum,
734 4032 772 4081 ut
787 4016 911 4097 videtis,
927 4016 1047 4082 intulit.
1078 4017 1238 4084 Contrarii
1257 4046 1355 4114 gene·

172 4146 215 4208 ris
246 4168 335 4210 error
362 4162 409 4234 est
438 4147 719 4237 grammaticorum
747 4168 815 4210 non
845 4147 954 4211 minus
973 4161 1119 4212 veterum
1138 4150 1353 4221 monumentis

173 4273 386 4361 perniciosus,
409 4294 508 4362 quem
536 4294 640 4336 nunc
654 4270 770 4337 dicam.
819 4273 931 4356 Quum
956 4271 1049 4338 lectio
1077 4272 1155 4339 olim
1184 4275 1355 4364 depravata

174 4418 267 4467 nacta
288 4417 334 4467 est
351 4399 583 4466 Grammaticos
600 4402 752 4488 patronos
773 4399 874 4465 videri
893 4398 972 4466 solet
993 4401 1065 4466 satis
1081 4400 1176 4466 firmo
1199 4405 1354 4493 praesidio

174 4530 232 4593 niti
259 4546 290 4594 et
315 4529 477 4595 emendari
497 4551 563 4593 non
588 4544 702 4618 potest·
746 4526 879 4620 Saepius
900 4529 1038 4597 diximus
1061 4549 1092 4597 et
1113 4555 1202 4598 nunc
1218 4533 1354 4600 demon-
