3060 5302
513 380 537 426 s
560 381 711 435 posumus
734 381 965 431 metuemus.
997 376 999 381 ’
1216 342 1232 437 ’,
1308 365 1344 427 Η

177 551 295 629 luisset,
327 565 364 614 ut
393 551 597 616 retinaculum
626 552 722 616 navis·
738 551 854 618 dioeset
875 548 1000 628 scilieet,
1026 573 1044 615 s
1067 547 1166 617 verbo
1187 551 1282 639 ἴσχειν
1302 551 1349 619 es-

181 678 275 745 finnit
297 671 370 760 mit
388 666 502 757 inscitia
523 701 640 766 perum
658 701 779 744 memor
805 676 969 767 plebeium
993 673 1112 743 essem
1130 676 1262 770 vulgare
1287 705 1350 746 no·
1392 755 1394 758 Α

183 827 259 871 nten
278 805 409 891 stonum.
430 802 520 870 Alius
545 815 638 894 pnite
657 829 723 870 non
742 805 849 877 miuus
872 802 1037 872 infeliciter
1057 798 1165 887 temo
1192 816 1349 873 retinacu-

185 934 250 997 lum
273 930 352 996 dixit
374 929 417 996 ab
442 924 532 1011 ἔχει,
555 948 637 997 reste
659 932 790 1022 quidem
810 954 849 996 ex
865 927 1172 1021 analogia,ridicule
1186 931 1229 996 ad
1244 955 1349 999 usum.

182 1057 349 1126 Excellens
372 1058 707 1151 Aeschyliingenium
727 1058 832 1129 effecit
846 1065 884 1124 ut
901 1061 936 1123 in
959 1055 1089 1125 summo'
1102 1057 1270 1147 splendore
1280 1061 1350 1126 die·-

183 1189 279 1253 tionis
295 1210 424 1275 perporo
440 1187 482 1253 sd
505 1188 637 1275 ineptias
659 1185 804 1276 delapsus
826 1188 882 1267 sit,
903 1184 1000 1275 paulo
1019 1189 1143 1274 saepius
1167 1186 1349 1276 Sophocles,

183 1313 347 1404 aliquanto
375 1307 574 1403 frequentius
611 1314 800 1402 Euripides,
835 1314 892 1402 qui
921 1336 1026 1402 quum
1045 1329 1125 1378 esset
1152 1314 1281 1404 ingenio
1309 1315 1350 1380 od

182 1441 421 1533 philosophiam
451 1465 551 1531 quam
573 1441 615 1506 ad
637 1444 745 1530 poe‘sin
769 1444 888 1530 aptiore
909 1459 1080 1532 utramque
1108 1466 1177 1508 rem
1200 1444 1245 1508 sio
1270 1465 1349 1508 con-

182 1572 305 1649 iunxit,
325 1586 363 1635 ut
386 1569 552 1634 mediocris
574 1584 653 1632 esset
672 1569 706 1631 in
732 1585 869 1659 utroque
896 1592 1028 1661 genere,
1059 1571 1094 1634 in
1121 1571 1282 1636 sententiis
1308 1570 1349 1635 ad

179 1703 281 1767 sitam
298 1699 469 1790 regendam
492 1694 648 1762 exoeilens
672 1694 793 1777 artifex,
812 1698 846 1760 in
879 1697 1026 1761 dictionis
1050 1695 1228 1762 inminibus
1257 1698 1349 1786 inops

180 1845 214 1893 et
243 1825 406 1891 interdum
439 1822 649 1910 subineptus,
676 1821 737 1887 ubi
768 1845 804 1887 ee
840 1822 944 1887 studio
979 1845 1017 1887 ao
1049 1820 1161 1888 labore
1192 1838 1347 1904 sectatur,

180 1981 266 2050 quae
288 1955 415 2046 ingenio
439 1958 476 2016 a'o
495 1968 627 2016 naturae
647 1950 901 2031 adsessorem,
925 1951 1021 2042 quale
1039 1968 1085 2018 est
1104 1954 1138 2017 in
1153 1951 1346 2017 Phoenissis:

444 2199 486 2278 tis
502 2198 530 2267 ὅ
545 2194 682 2287 aitte·
697 2199 796 2285 Σφὶγξ
816 2200 981 2286 &tumim
991 2192 1079 2269 »ὅδ’

183 2463 271 2552 quod
295 2461 444 2544 dubitant
462 2479 581 2528 veteres
604 2463 664 2549 ipsi
686 2463 766 2526 sitne
787 2484 826 2526 ex
844 2458 1145 2542 vAeolidesumtum
1161 2487 1202 2528 an
1220 2487 1259 2528 ex
1281 2463 1346 2528 Ar·

185 2589 281 2664 oadia.
322 2591 493 2680 Perperam
522 2589 675 2680 prosette,
704 2588 932 2676 uudenmnque
961 2604 1027 2673 est,
1061 2587 1122 2654 fuit
1146 2591 1180 2655 in
1206 2590 1347 2656 Atticam

182 2717 290 2806 poesin
309 2719 481 2786 invectum.
527 2715 624 2801 Quod
650 2717 684 2783 in
707 2715 823 2781 vicinia
843 2711 974 2806 legituri

389 2962 391 2970 ‘
437 2966 552 3052 seo
565 2965 601 3034 o
615 2963 699 3050 ros
713 2963 820 3051 euro
836 2957 986 3055 masm-
1001 2958 1110 3049 rent

177 3230 276 3318 ipsius
304 3239 415 3318 potitae
440 3230 517 3293 vitio
548 3229 737 3318 impeditum
761 3244 809 3293 est
828 3226 943 3295 ¹aliena
973 3226 1016 3292 ab
1036 3228 1162 3319 ingenio
1190 3225 1347 3293 laboriose

176 3358 380 3423 contemmis.
425 3355 489 3422 Sed
518 3356 598 3446 quid
627 3357 739 3421 attinet
772 3354 937 3423 cumulare
964 3379 1047 3445 quoe
1076 3354 1166 3422 facile
1199 3357 1344 3448 undique

176 3485 353 3549 eoaoervsri
382 3482 540 3572 possunt?
574 3483 655 3573 quid
673 3500 808 3572 praeter
836 3481 1036 3575 singulorum
1070 3481 1244 3549 verborum
1276 3482 1345 3548 for-

175 3635 243 3676 mas
279 3635 316 3676 ae
343 3613 485 3678 notiones
520 3611 637 3678 multas
670 3614 900 3698 sententiarum
935 3612 1173 3699 compositiones
1201 3634 1343 3700 carpere,

177 3758 260 3828 quse
284 3762 351 3804 non
374 3762 412 3805 ex
434 3753 550 3804 natura
571 3740 683 3807 Graeci
712 3740 872 3818 sermonis,
894 3761 960 3802 non
983 3762 1021 3803 ex
1048 3737 1228 3803 Atticorum
1255 3760 1345 3803 more
1407 3804 1410 3810 ,

176 3881 208 3930 et
250 3867 500 3951 eonsuetudine,
531 3870 586 3935 sed
618 3895 656 3936 ex
688 3858 844 3935 laborioso
870 3867 999 3932 artificio
1028 3882 1102 3929 nata
1134 3867 1167 3930 in
1197 3867 1343 3946 omnium

175 3991 420 4061 Atheniensium
442 3994 587 4088 linguam
609 4008 738 4089 reoepta'
755 3998 850 4064 fuisse
874 4020 962 4062 nunc
982 3997 1210 4061 existimantur.
1252 3990 1342 4056 Con-

173 4136 224 4184 tra
253 4122 411 4187 oontendo
442 4120 708 4212 componentibus
736 4147 775 4189 ex
807 4124 949 4214 reliquiis
977 4123 1171 4213 antiquitatis
1202 4120 1342 4186 Graecae

173 4245 287 4336 populi
307 4247 422 4314 Graeci
446 4272 624 4319 sermonem
645 4250 677 4314 id
701 4251 853 4339 imprimis
864 4250 1024 4342 agendum
1043 4271 1118 4330 esse,
1130 4265 1167 4312 ut
1184 4271 1258 4312 vera
1276 4245 1342 4311 lin-

152 4398 237 4479 ⁴gua
267 4375 380 4465 populi
408 4375 451 4442 ab
474 4375 640 4442 artificioso
666 4376 840 4442 doctorum·
857 4386 1025 4465 poetarum
1052 4374 1178 4467 eloquio
1203 4373 1341 4463 diligen·

172 4502 288 4568 tissime
310 4503 433 4595 ubique
456 4507 683 4596 distinguatur,
710 4528 776 4596 quo
796 4505 878 4571 facto
906 4505 1034 4570 demum
1057 4502 1223 4593 apparebit
1243 4512 1340 4591 quam
