3060 5302
456 426 723 474 eatnnsneonnsr
744 424 902 470 smenon.
1253 409 1273 470 5

91 598 287 690 expedienda
309 597 472 665 habuisset
478 630 498 680 ,·
511 597 660 662 orationis
676 594 830 689 elegantia
846 610 879 659 et
901 595 1054 686 gravitate
1074 592 1157 660 nulli
1175 611 1291 684 supe·¹

92 729 213 791 riorum
236 746 401 790 cessurum
419 695 549 790 'fuisse''
572 731 575 737 '
595 722 687 789 Nihil
707 723 788 789 mihi
810 730 968 814 umquam
991 724 1091 790 hredi
1104 722 1194 791 facile
1212 748 1272 814 pa-

91 857 169 932 tiar,
195 855 222 918 si
245 853 332 943 'quid
351 868 396 918 est
418 850 472 917 illo
492 850 564 916 loco
591 852 728 918 ieiunius
753 867 785 917 et
796 852 896 943 magis
910 851 1072 939 ineptum:¹
1096 846 1177 940 quid
1194 866 1272 941 pro·

92 981 161 1046 dest
177 977 377 1048 Ἀπικωτατα
395 981 638 1043 consarcinare:
659 973 692 1047 τί
708 977 877 1065 πάσχουσι,
898 979 1059 1065 θαυμάσας
1076 978 1158 1066 ἔχω,
1176 981 1273 1071 μέγαν

93 1118 186 1196 ἄγων,
205 1107 248 1175 roi
267 1117 342 1196 ἄκρα
361 1114 423 1176 τῶν
439 1105 589 1197 Ἑλλήνων
607 1120 638 1171 et
663 1102 780 1196 ἐρήμην
802 1099 938 1195 optim
957 1132 1013 1174 ooo
1032 1105 1226 1186 renascituri,
1246 1106 1272 1170 si

91 1232 180 1300 locus
199 1235 233 1298 in
253 1256 320 1324 quo
338 1237 396 1299 ista
411 1237 444 1298 in
457 1256 606 1300 acervum
625 1248 835 1299 exstmuntur
849 1254 892 1298 ne
903 1233 1020 1296 micam
1030 1232 1162 1323 quidem
1174 1206 1274 1296 hahet

93 1362 173 1428 salis.
219 1363 278 1427 Est
306 1361 368 1426 hoc
390 1384 485 1426 omne
515 1383 618 1452 genus
650 1363 693 1424 ita·
722 1374 838 1424 natura
867 1364 1088 1449 comparatum
1108 1377 1156 1426 ·ut
1180 1361 1273 1448 periti

94 1493 265 1582 persentire
281 1490 402 1579 optime
419 1489 561 1577 possint,
587 1489 739 1576 imperitis
761 1485 857 1577 quale
875 1488 916 1551 sit
939 1486 1088 1576 explicari
1110 1506 1178 1552 non
1191 1506 1273 1577 <poss

92 1624 146 1702 sit,
177 1619 267 1711 quod
283 1614 363 1682 dixit
385 1618 419 1680 in
442 1615 536 1680 simili
558 1639 592 1682 re
620 1613 843 1680 Ruhnkenius'.
889 1615 1002 1704 ltaque
1025 1613 1108 1679 nihil
1130 1615 1192 1680 hoe
1213 1640 1273 1681 ura

94 1772 167 1841 geo,
191 1745 283 1811 aliud·
302 1760 349 1810 est
370 1743 461 1834 quod
482 1741 641 1824 volebam,
657 1766 723 1833 quo
746 1744 790 1808 sic
812 1742 979 1808 deveniam
1001 1759 1039 1806 ut
1060 1734 1101 1807 ah
1124 1738 1273 1810 historico

94 1872 239 1963 exemplo
261 1871 377 1936 ordiar.
401 1868 545 1960 Populus
568 1873 663 1936 sentit
684 1894 716 1936 se
739 1870 919 1936 decrescere
926 1869 1093 1951 ,fatiscere
1105 1865 1188 1936 vires
1203 1873 1274 1936 ani-

94 2001 138 2064 mi
145 2042 154 2081 ,-
176 2001 297 2090 ingenii
311 1999 399 2063 dotes
414 1997 557 2080 deficere,
572 2000 675 2064 minui
692 2000 829 2079 animos,
851 1997 934 2064 male
957 2022 989 2065 se
1011 2002 1094 2067 tueri
1116 2002 1276 2066 maiorum

94 2127 240 2208 laudem,
262 2127 463 2218 degenerare,
480 2144 717 2208 consenescere,
740 2125 891 2192 delirare:
910 2130 1002 2216 pauci
1025 2127 1176 2210 latentur,
1191 2151 1274 2217 pau-

94 2259 192 2322 ciores
213 2256 397 2337 admonent,
413 2254 661 2345 sapientissimus
684 2255 821 2344 quisque
842 2257 922 2320 satis·
936 2256 1022 2321 videt
1044 2272 1076 2321 et
1090 2254 1209 2321 frustra
1226 2278 1274 2336 se,

98 2387 123 2448 si
145 2384 228 2451 solus
245 2384 361 2451 audeat
383 2384 504 2464 obniti,
528 2386 675 2448 omnium
691 2377 811 2449 invidia
829 2397 992 2465 assumam,
1008 2401 1038 2449 et
1051 2384 1276 2474 nequidquam

102 2530 166 2579 sese
182 2513 254 2576 odia
274 2520 306 2578 et
326 2511 499 2577 simultates
521 2514 669 2576 oninium
685 2511 725 2575 in
743 2509 828 2575 malo
848 2500 1017 2575 insanabili
1038 2514 1272 2601 suscepturum.

101 2637 342 2704 Atheniensium
357 2637 522 2727 disciplina
538 2635 603 2702 lehi
619 2638 723 2726 eoepit
736 2652 802 2727 quo
815 2653 957 2728 tempore
980 2637 1114 2704 florebat
1127 2637 1274 2720 Pericles,

100 2765 239 2854 iniquius
261 2766 327 2855 ipse
350 2764 435 2830 solus
456 2764 554 2830 huius
576 2763 690 2853 culpae
713 2767 869 2856 arguitur,
883 2765 1012 2831 sortasse
1027 2768 1182 2832 nonsatis
1197 2782 1274 2831 nas·-

97 2895 179 2959 eenti
198 2890 349 2958 luxuriae
370 2908 490 2958 certam
510 2894 685 2982 perniciem
707 2891 859 2959 allaturae
881 2893 1017 2960 obstitit:
1041 2910 1108 2960 non
1135 2893 1275 2960 attulisse

96 3019 251 3086 Periclem
272 3016 361 3084 illam
375 3028 496 3108 pestem
510 3029 627 3086 natura
639 3044 749 3087 rerum
763 3019 887 3086 clamat.
932 3021 1036 3087 Nemo
1059 3046 1146 3088 unus
1167 3042 1274 3113 popu-

96 3146 261 3214 lum'faeit
287 3146 386 3240 frugi,
408 3162 505 3213 nemo
532 3168 619 3213 unus
646 3147 743 3214 llec'tit
764 3151 799 3215 in
829 3151 953 3216 vitium.
983 3149 1102 3216 Odiose
1124 3149 1214 3217 Plato
1237 3174 1274 3217 eo

97 3277 229 3341 crimine
251 3277 424 3342 insectatur
444 3279 556 3343 virum
574 3289 747 3367 magnum,
762 3276 893 3343 facetius
908 3278 1045 3345 sednon
1061 3276 1190 3343 meliore
1204 3275 1275 3342 iure

97 3403 324 3494 Aristophanes
336 3405 478 3492 corrupti
493 3401 606 3492 populi
620 3401 751 3491 culpam
762 3418 952 3496 contorquet
967 3406 1002 3471 in
1015 3396 1177 3495 Euripidis
1191 3406 1275 3470 Tra·-

98 3532 231 3622 goedies.
276 3530 418 3598 Socrates
441 3548 557 3622 magno
576 3531 694 3594 animo·
710 3548 832 3621 pestem
857 3533 1060 3599 admonendo
1083 3534 1194 3600 avertit
1220 3533 1276 3598 sed

98 3659 175 3724 dum
198 3661 299 3748 parcit
319 3652 444 3727 viribus
464 3663 483 3728 ὁ
501 3661 640 3748 ciperet
662 3674 815 3725 extenuat¹
833 3661 978 3727 consulto
1001 3642 1092 3729 acute
1107 3662 1189 3727 dicte
1208 3683 1275 3726 non

98 3787 156 3850 nisi
178 3789 332 3852 acutiores
347 3785 564 3853 advertebant.
597 3783 761 3852 Praeclare
783 3786 1024 3878 Aristophanes,
1037 3791 1128 3854 ouius
1151 3765 1276 3855 utinam

97 3917 251 4000 Δαιταλῆς
268 3913 310 3978 ad
330 3937 390 3978 nos
403 3914 632 4004 pervenissent,
644 3911 786 3980 labentes
799 3930 902 3982 mores
917 3933 948 3982 et
962 3915 1162 4008 disciplinam
1175 3917 1276 3982 maio-

97 4062 170 4104 rum
192 4042 227 4104 in
250 4038 418 4106 ea'fahula
440 4032 485 4106 sic
507 4035 668 4130 exposuit,
698 4057 736 4106 ut
757 4060 865 4109 senem
887 4044 1068 4126 induceret,
1091 4046 1183 4111 cuius
1199 4042 1277 4110 alter

97 4162 180 4230 filius
201 4168 339 4255 optimae
350 4165 451 4259 frugis
472 4169 614 4258 antiquis·
627 4168 773 4234 moribus
786 4172 905 4241 viveret
926 4169 1006 4237 alter
1018 4173 1232 4264 nequissimus
1246 4189 1278 4238 et

71 4320 73 4325 ’
97 4296 187 4360 novis
201 4294 323 4384 populi
343 4283 428 4361 vitiis
450 4307 481 4361 et
502 4295 627 4388 flagitiis
649 4311 826 4386 coopertus.
871 4299 1028 4367 Nondum
1042 4301 1203 4390 perierant
1216 4323 1278 4366 an-

98 4424 205 4512 tiquae
218 4439 300 4488 artes
314 4423 368 4488 sed
382 4422 540 4512 peribant.
569 4420 703 4515 Egregie
726 4423 850 4490 civibus
873 4423 994 4515 placuit
1011 4428 1143 4494 audacia
1157 4445 1278 4519 poetae.

96 4551 114 4616 ὁ
132 4546 263 4640 σώφρων
281 4575 313 4618 τε
327 4551 376 4635 χω
395 4554 576 4635 καταπύγων
596 4551 671 4639 (19ιέ
682 4551 875 4643 ἠκουσάτην,
895 4571 932 4619 ut
950 4553 1052 4626 laetus
1067 4557 1134 4645 ipse
1146 4557 1231 4623 canit
1245 4559 1278 4621 in
