3060 5302
200 326 221 389 8
500 345 540 390 ns
564 345 719 394 oaarronr
741 349 926 399 aarrncnu
948 356 1065 403 enasci

197 511 271 577 dem
290 513 488 579 sententiam.
507 514 598 581 ldem
623 516 761 607 neglexit
774 520 916 585 Ionicam
925 523 1105 609 prosodiam
1118 527 1153 590 in
1167 518 1376 607 ιροσῦὼζε,

196 611 1075 738 quumtmuucusmods'pmhenuposm
1095 651 1372 721 sumerum
1418 674 1422 678 ·

195 769 342 836 Ionicum
363 770 464 840 ςεῦται
483 789 515 839 st
535 771 634 841 ςεῦτοε
651 771 738 837 unde
744 774 786 836 sit
799 790 912 840 natum
922 799 1018 843 nemo
1029 779 1160 860 dixerit,
1176 803 1236 847 nec
1251 798 1375 852 vetares

195 897 253 985 ipsi
278 897 443 978 sciebant,
467 906 528 964 nec
553 900 683 987 reperiri
707 897 897 966 ullomodo
927 902 978 968 vel
994 907 1066 972 vivo
1097 905 1284 975 Aristarcho
1309 931 1373 998 po.-

194 1042 282 1090 terat.
313 1025 456 1092 Plurima
466 1026 513 1090 ‘de
537 1049 651 1118 genere
671 1026 823 1091 boc'sunt
839 1028 873 1091 in
895 1045 1000 1095 vetere
1018 1032 1128 1099 Ionica
1145 1030 1272 1124 lingua:
1287 1033 1373 1124 quid

193 1154 233 1215 sit
248 1145 334 1233 γέντο
362 1155 398 1217 in
426 1145 554 1233 ys'mo‘
572 1143 733 1234 ἱμάσθλην
755 1178 791 1219 ac
820 1153 976 1223 similibus
1003 1182 1098 1225 nemo
1126 1176 1272 1227 veterum
1293 1182 1371 1227 um·

193 1305 291 1369 quam
307 1283 398 1346 scivit
420 1298 452 1346 et
468 1305 526 1345 nos
547 1282 794 1368 inperpetuum
816 1281 1034 1372 ignorabimus
1080 1285 1145 1368 Qui
1169 1288 1292 1374 optime
1314 1290 1371 1355 lo-

191 1411 264 1473 nica
285 1407 413 1473 tenebat
437 1404 816 1473 Aristarchus‘omnibus
839 1405 974 1473 affluens
988 1412 1022 1475 in
1042 1410 1096 1477 tali
1109 1437 1148 1478 -re
1164 1412 1317 1483 subsidiis
1337 1435 1371 1484 et

191 1553 345 1624 apparatu
359 1534 407 1600 nil
424 1537 485 1601 nisi
503 1559 542 1600 ex
564 1536 630 1622 ipsa
654 1536 809 1599 sententia
830 1533 881 1600 vel
904 1553 1069 1625 coptextu,
1094 1535 1130 1601 bt
1147 1539 1211 1602 τῶν
1223 1559 1369 1628 supppo-
1413 1550 1415 1561 '

190 1656 341 1744 ζομένων,
362 1681 400 1728 ut
419 1666 486 1753 ipse
508 1665 562 1745 ait,
582 1670 733 1752 apparere
760 1662 837 1727 dicit
853 1655 937 1743 rim
955 1662 1020 1730 fere
1044 1665 1131 1731 idem
1154 1669 1247 1759 quod
1258 1663 1369 1750 ἔλαβεν

189 1817 252 1860 esse
275 1791 401 1858 debere.
432 1791 506 1857 Alia
530 1792 608 1855 ratio
632 1807 687 1856 est·
706 1813 820 1854 eorum
841 1789 1016 1857 verborum
1035 1810 1191 1875 veterum,
1220 1820 1369 1886 quorum

187 1938 219 1986 et
247 1924 335 2011 origo
359 1918 454 1996 simul
484 1937 515 1984 et
543 1918 729 2010 significatio
749 1920 858 2006 periit,
886 1940 946 1983 nec
973 1917 1067 1985 nobis
1088 1918 1204 2001 solum,
1223 1922 1279 1987 sod
1308 1947 1368 1990 ve-

187 2048 307 2113 teribus
325 2047 403 2113 adeo
424 2048 514 2135 ipsis:
531 2046 612 2136 quid
627 2048 666 2110 sit
679 2042 844 2127 τηλύγετος,
863 2062 900 2109 ut
920 2045 981 2111 hoc
1004 2062 1087 2128 utar,
1110 2046 1192 2135 quid
1215 2045 1366 2130 νήδυμος,

186 2174 268 2265 quid
295 2169 403 2254 διερός,
430 2172 515 2263 quid
550 2164 832 2260 ‹iripomsquid
863 2164 1014 2250 ἅμΰμων,
1044 2173 1126 2262 quid
1162 2171 1267 2238 multa
1296 2174 1367 2241 hu-

185 2300 356 2367 iuscemodi
387 2301 496 2390 ecquis
518 2302 586 2367 est.
624 2323 708 2363 uon:
736 2299 807 2363 dico
843 2301 901 2388 qui
934 2322 1022 2365 nunc
1061 2301 1138 2364 sciat
1173 2299 1229 2365 sed
1257 2276 1367 2367 *etiam

183 2428 365 2493 Atticorum
400 2445 543 2493 veterum
581 2407 644 2517 ¹qui
682 2427 816 2490 sciverit.
876 2425 952 2490 Non
987 2423 1086 2492 Solon
1122 2425 1199 2491 haec
1235 2424 1363 2493 intolli—

182 2553 303 2644 gebat,·
340 2579 408 2620 non
452 2553 651 2645 Aeschylus,
688 2575 764 2618 'non
803 2549 975 2640 Sophocles
1019 2547 1133 2616 talium
1178 2568 1362 2627 sectatores.

150 2652 283 2747 ⁸Iidem
314 2697 424 2748 tamen
463 2679 539 2746 talia
568 2682 628 2770 ipsi
663 2679 879 2770 usurpabant,
914 2680 957 2743 ita
983 2678 1116 2767 quidem
1144 2695 1182 2744 ut
1201 2679 1365 2772 aliquam

179 2809 343 2873 notionem
373 2810 409 2873 iis
448 2807 639 2874 subiicerent
675 2807 736 2872 sibi
763 2805 998 2892 sententiaeque
1025 2822 1271 2895 congruentem,
1303 2813 1363 2887 sed

178 2957 245 2999 nou
280 2957 389 3000 veram
425 2956 485 2999 nec
511 2950 598 3000 certa
623 2933 693 2998 ‘fide
726 2957 762 2997 ac
791 2932 935 2998 doctrina
965 2931 1085 2995 nixam.
1128 2932 1222 2998 Dabo
1246 2958 1361 3011 exem.

178 3058 271 3149 plum
301 3083 407 3124 unum
444 3059 501 3124 sed
538 3057 751 3141 luculentum
799 3057 1031 3147 Antiquissima
1064 3055 1216 3127 dialectus
1251 3062 1360 3132 habs-

176 3189 233 3256 bat
252 3189 442 3254 adiectivum
465 3186 597 3278 aliquod
610 3181 822 3267 ἆμαιμάκσος,
842 3183 931 3275 quod
951 3182 1031 3272 quid
1049 3184 1102 3261 sit,
1120 3185 1209 3251 unde
1229 3206 1357 3272 natum,

176 3341 259 3409 quae
276 3317 364 3382 notio
384 3317 457 3381 insit
479 3339 574 3381 nemo
602 3339 759 3405 umquam
778 3312 870 3379 dicet
914 3311 954 3375 ln
976 3319 1105 3409 poeseos
1123 3312 1254 3380 lonicae
1278 3315 1356 3382 reli-

176 3447 258 3534 quiis
277 3461 326 3509 ter
342 3441 493 3522 exstabat,
510 3441 560 3508 bis
584 3441 682 3507 habet
701 3440 791 3523 Ilias,
814 3438 955 3529 Odyssea
978 3434 1084 3529 semel.
1115 3436 1244 3505 Eorum
1263 3439 1354 3508 loco-

175 3595 249 3635 rum
268 3594 304 3635 ea
326 3572 404 3635 ratio
423 3586 484 3648 est,
508 3586 545 3633 ut
567 3571 649 3634 inter
671 3593 703 3634 se
725 3567 895 3656 comparati
917 3561 964 3629 nil
981 3534 1103 3652 prdsint
1118 3563 1159 3630 ad
1177 3568 1354 3634 eruendam

174 3696 301 3763 obscuri
312 3695 460 3763 vocabuli
478 3696 753 3789 significationem:
747 3692 889 3759 malum
907 3693 998 3758 navis
1016 3690 1138 3781 Ulyssis
1150 3684 1354 3771 ἆμωμώυῐος

172 3817 236 3895 ἶξός
257 3823 373 3890 dicitur
394 3824 508 3914 Odyss.
535 3827 586 3903 ll,
612 3826 686 3903 311,
710 3825 744 3887 in
767 3821 865 3887 Iliade
888 3836 934 3886 est
955 3818 1124 3885 Chimaera
1143 3812 1346 3905 ἄμφανέιη

86 3992 89 3996 ,
172 3951 204 4028 6,
228 3949 292 4014 179
308 3966 341 4014 et
358 3949 410 4027 16,
424 3949 498 4014 399.
523 3949 736 4038 Praclongum
760 3949 875 4013 malum
897 3948 1147 4034 interpretantur
1169 3971 1246 4028 esse,
1269 3948 1350 4015 Chi·

99 4057 105 4067 ·
170 4099 310 4142 macram
332 4070 417 4158 bello
441 4075 702 4163 trasuperabtlem:
718 4069 856 4152 temere,
874 4074 922 4136 uti
943 4071 1147 4139 manifestum
1168 4092 1225 4157 est,
1248 4077 1346 4141 secuti

169 4201 313 4270 fallacem
342 4200 515 4292 quemdam
550 4223 666 4264 sonum
699 4201 783 4265 vocis
812 4199 909 4265 modo
930 4223 949 4262 a
976 4195 1089 4279 μῆκος,
1106 4190 1220 4283 mic
1237 4200 1345 4267 nescio

169 4320 408 4420 qua'affinitate
430 4343 595 4416 repetunt,
624 4325 720 4391 modo
742 4325 906 4394 vocabulis
926 4318 1016 4420 μάχη
1036 4331 1204 4408 sedatam
1216 4350 1345 4420 *cogna-
1386 4361 1390 4370 ·

169 4473 238 4520 turn
258 4479 323 4520 esse
341 4457 542 4544 suspicantur
562 4455 669 4542 magis
682 4477 782 4543 quam
805 4456 952 4521 credunt.
979 4457 1067 4540 Quid
1089 4453 1215 4525 mults?
1237 4455 1347 4522 bausit
