3060 5302
422 397 689 445 erauuaueoauu
711 396 868 442 verrere.
1219 379 1239 440 5

57 571 254 662 expedienda
276 569 464 651 habuisset,
477 567 627 633 orationis
642 565 797 659 elegantia
813 582 846 631 et
868 567 1020 657 gravitate
1040 563 1123 630 nulli
1141 581 1257 654 supe·

58 702 180 764 riorum
203 718 368 762 cessurum
389 694 516 762 fuisse.’'
562 693 654 760 Nihil
674 694 755 760 mihi
777 718 934 785 umquam
958 693 1160 761 credi'facile
1178 718 1238 784 pa-

57 829 136 904 tiar,
163 828 188 890 si
217 825 363 915 quidest
384 822 438 888 illo
459 822 530 888 loco
557 824 695 890 ieiunius
720 823 862 914 etmagis
876 823 1038 910 ineptum?
1063 817 1143 911 quid
1160 836 1238 910 pro·

58 954 127 1018 dest·
144 949 344 1020 Ἀπικαῖτατα
361 953 605 1015 consarcinare:
625 954 658 1019 al
674 949 843 1036 πάσχουσι,
864 950 1025 1035 θαυμάσας
1042 949 1105 1037 ἔχω
1113 1001 1124 1031 ,
1143 951 1240 1042 μέγαν

59 1091 153 1168 ἄγειν,
172 1079 215 1147 roi
233 1089 309 1167 ἄκρα
328 1086 390 1148 coir
406 1077 555 1169 Ἑλλήνων
574 1091 605 1143 et
630 1073 746 1167 ἐρ’ἠμην
769 1069 904 1165 ὀφλόντα
924 1102 980 1145 ooo
999 1078 1039 1145 roi
1052 1075 1192 1157 audead,
1213 1077 1239 1140 si

58 1206 147 1272 locus
166 1207 200 1270 in
220 1230 286 1296 quo
304 1209 362 1271 ista
377 1209 411 1270 in
423 1229 572 1272 acervum
592 1219 802 1270 exstmuntur
816 1225 858 1268 ne
870 1203 986 1268 micam
996 1202 1129 1293 quidem
1140 1177 1240 1266 hahet

59 1334 140 1400 salis.
186 1335 244 1398 Est
272 1334 334 1398 hoc
356 1356 451 1398 omne
482 1354 584 1424 genus
616 1334 660 1395 ita
689 1345 805 1395 natura
833 1335 1054 1420 comparatum
1075 1345 1122 1396 Ι111
1146 1331 1240 1418 periti

60 1466 232 1555 persentire
248 1463 368 1551 optime
386 1461 527 1549 possint,
554 1460 705 1548 imperitis
728 1456 824 1548 quale
842 1458 882 1522 sit
905 1456 1055 1546 explicari
1077 1477 1145 1522 non
1164 1480 1239 1547 pos-

60 1596 114 1675 sit,
144 1591 234 1682 quod
250 1586 330 1654 dixit
352 1591 386 1652 in
408 1587 503 1653 simili
525 1610 558 1653 re
586 1584 819 1684 11111111111111111.Ι
856 1586 969 1675 Itaque
993 1583 1074 1649 nihil
1096 1585 1158 1650 hoe
1180 1611 1239 1651 ura

60 1738 134 1813 geo,
158 1717 247 1783 aliud
269 1732 316 1782 est
337 1715 427 1806 quod
448 1713 607 1796 volebam,
623 1737 690 1804 quo
713 1714 757 1779 sic
778 1713 945 1779 deveniam
967 1728 1005 1777 ut
1026 1712 1068 1777 ab
1090 1708 1240 1780 historico

59 1844 206 1935 exemplo
228 1843 344 1908 ordiar.
368 1840 512 1932 Populus
535 1844 630 1908 sentit
651 1865 683 1907 11
706 1839 1154 1922 (1111111111,’111111“11111111
1170 1843 1241 1906 1111-

60 1973 121 2053 mi,
144 1973 265 2062 ingenii
278 1971 366 2062 dotes
380 1969 524 2051 deficere,
538 1972 642 2035 minui
659 1971 796 2050 animos,
818 1968 901 2035 male
924 1992 955 2035 se
978 1972 1060 2036 tueri
1082 1972 1243 2036 maiorum

60 2070 207 2180 laudem,
229 2099 430 2190 degenerare,
447 2114 684 2180 consenescere,
707 2095 857 2177 delirare:
877 2101 969 2186 pauci
992 2097 1143 2180 fatentur,
1158 2121 1241 2187 pau-

61 2231 159 2294 ciores
181 2228 365 2307 admonent,
381 2225 628 2316 sapientissimus
651 2226 788 2315 quisque
809 2227 880 2290 satis
903 2226 989 2292 videt
1012 2242 1043 2292 et
1058 2224 1176 2291 frustra
1193 2248 1241 2306 se,

64 2356 195 2422 si'solus
212 2357 329 2423 audeat
350 2355 471 2436 obniti,
495 2357 642 2419 omnium
657 2347 778 2420 invidia
796 2367 959 2435 1111111111,
975 2370 1005 2419 11
1018 2354 1243 2444 nequidquam

67 2504 132 2551 sese
148 2485 217 2550 odia
242 2492 273 2550 e't
293 2482 466 2548 simultates
488 2485 636 2549 onmium
652 2483 692 2546 in·
710 2480 795 2546 malo
815 2471 984 2545 insanabili
1005 2482 1240 2571 suscepturum.

68 2609 309 2676 Atheniensium
324 2609 490 2699 disciplina
505 2606 572 2673 11111
586 2609 690 2698 coepit
704 2624 769 2698 quo
782 2621 924 2698 tempore
947 2607 1082 2674 florebat
1095 2607 1241 2690 Pericles,

65 2738 206 2827 iniquius
228 2739 295 2827 ipse
317 2736 403 2802 solus
424 2737 522 2802 huius
544 2734 657 2824 culpae
680 2737 836 2827 arguitur,
850 2706 980 2802 sortasse
994 2738 1150 2802 nonsatis
1164 2752 1241 2801 nas·-

63 2867 147 2932 eenti
168 2859 317 2930 luxuriae
338 2880 457 2930 certam
476 2865 652 2954 perniciem
674 2862 826 2929 allaturae
848 2863 985 2929 obstitit:
1008 2875 1076 2929 non
1103 2862 1242 2930 attulisse

63 2991 218 3058 Periclem
240 2988 328 3056 illam
342 3000 463 3080 postem
478 3001 595 3057 natura·
607 3015 717 3058 reram
730 2989 855 3057 clamat.
899 2991 1003 3057 Nemo
1026 3015 1114 3058 unus
1134 3016 1242 3082 popu-

62 3119 228 3186 lum'facit
254 3118 354 3212 frugi,
376 3134 472 3184 nemo
500 3140 586 3184 unus
613 3118 711 3185 llec'tit
732 3122 766 3185 in
796 3120 920 3186 vitium.
950 3119 1069 3186 Odiosa
1092 3119 1181 3187 Plato
1205 3132 1243 3186 e'o

63 3249 196 3314 erimine
219 3249 392 3313 insectatur
412 3250 523 3314 virum·
541 3260 697 3338 magnum
705 3298 714 3328 ,
729 3247 859 3313 facetius
875 3248 931 3315 sed
945 3260 1013 3313 non
1028 3246 1158 3315 meliore
1172 3244 1243 3312 iure

64 3376 292 3466 Aristophanes
304 3375 446 3464 corrupti
461 3371 573 3463 populi
588 3371 718 3462 eulpam
729 3388 920 3466 contorquet
935 3376 969 3441 in
982 3366 1144 3464 Euripidis
1158 3376 1243 3439 Tra-

64 3505 198 3596 goedias.
244 3501 386 3569 Socrates
409 3519 525 3593 magno
548 3501 661 3565 animo·
677 3518 800 3590 pestem
825 3503 1027 3569 admonendo
1051 3504 1162 3570 11111111
1188 3503 1244 3568 sed

64 3632 143 3696 dum
166 3632 267 3720 parcit
287 3630 412 3698 viribus
432 3632 608 3719 6111111111
629 3631 946 3697 111111111111111111111
969 3612 1060 3699 acute
1075 3632 1158 3697 dieta
1176 3653 1243 3696 non

64 3760 124 3823 nisi
138 3761 300 3823 acutiores
315 3756 532 3824 advertebant.
565 3754 728 3823 Praeclare
750 3756 992 3848 Aristophanes,
1005 3752 1096 3825 cuius
1119 3761 1245 3825 utinam

63 3890 219 3972 Δαιταλῆς
236 3884 278 3949 ad
298 3908 358 3950 nos
371 3885 600 3975 pervenissent,
611 3881 754 3950 1111111111
767 3900 870 3952 mores
885 3903 917 3952 11
930 3885 1131 3978 disciplinam
1143 3887 1245 3952 maio-

64 4034 137 4076 tum
159 4013 195 4076 in
218 4032 255 4076 11
276 4009 386 4077 tabula
409 4003 453 4077 sie
475 4005 636 4100 exposuit,
666 4026 704 4076 ut
725 4030 834 4078 senem
855 4014 1036 4096 induceret,
1059 4016 1151 4081 euius
1167 4012 1245 4081 alter

64 4135 148 4202 filius
169 4139 308 4226 optimae
319 4137 419 4230 frugis
440 4139 582 4228 antiquis·
594 4138 740 4204 moribus
754 4141 874 4210 viveret
894 4139 974 4207 alter
986 4143 1200 4233 nequissimus
1215 4159 1246 4208 et

39 4290 42 4296 ’
64 4268 155 4331 novis
176 4265 292 4355 populi
312 4254 396 4332 vitiis
418 4277 449 4331 et
470 4265 596 4358 flagitiis
617 4282 794 4357 coopertus.
840 4267 997 4337 Nondum
1010 4270 1171 4360 perierant
1185 4293 1246 4336 en-

66 4395 173 4484 tiquae
186 4409 268 4459 artes
282 4393 336 4459 sed
351 4392 509 4482 peribant.
537 4386 672 4485 Egregie
695 4393 818 4461 civibus
841 4393 962 4485 placuit
979 4397 1111 4463 audacia
1125 4415 1246 4488 poetae.

65 4522 82 4587 ὅ
99 4517 231 4611 σώφρων
250 4546 281 4589 τε
295 4522 344 4606 χώ
364 4524 545 4606 καταπύγων
564 4521 639 4609 dpcs'
651 4521 843 4612 ἠκουσάτην,
863 4540 900 4589 ut
918 4522 1020 4591 laetus
1036 4526 1102 4614 ipse
1115 4527 1200 4592 canit
1213 4527 1247 4590 in
