3060 5302
172 1978 340 2099 Cogitur
362 2007 459 2087 mihi,
488 2007 549 2071 vm
579 1995 791 2085 celeberrimi,
822 2019 853 2069 et
883 2003 1050 2093 quaerens
1071 1999 1190 2092 sequid
1210 1998 1348 2064 min-u
1455 2095 1457 2099 y

172 2134 368 2199 Litterarum
389 2133 499 2197 studiis
518 2150 574 2198 aut
595 2131 727 2198 feliciter
744 2148 907 2220 repertum
934 2147 991 2196 aut
1009 2127 1133 2195 assiduo
1150 2125 1260 2192 labore
1279 2123 1349 2189 col-

173 2259 238 2326 lato
262 2259 408 2349 undique
426 2261 557 2325 materia
578 2282 662 2324 nora
683 2257 755 2326 luce
778 2257 972 2324 illustratum
994 2272 1073 2322 esset
1088 2271 1146 2321 aut
1159 2253 1350 2342 impeditum

177 2402 268 2451 entes
285 2403 316 2451 et
335 2388 517 2451 intricatum
531 2380 572 2451 ad
592 2384 754 2476 liquidum
776 2402 854 2452 esset
872 2384 1075 2475 perductum,
1100 2406 1167 2472 quo
1190 2397 1247 2445 aut
1259 2395 1351 2444 vetus

179 2533 267 2576 error
291 2514 477 2578 eximeretur
504 2529 560 2577 aut
585 2529 755 2616 augeretpir
778 2515 870 2602 copia
892 2536 1018 2593 rerum,
1041 2533 1125 2601 quae
1142 2506 1351 2597 Antiquitatis

176 2639 346 2731 imaginem
375 2665 411 2706 ac
439 2642 538 2706 vitam
566 2658 711 2708 veterum
731 2641 825 2708 nobis
848 2639 948 2708 veluti
970 2638 1113 2704 referunt
1130 2659 1168 2701 ac
1190 2634 1351 2714 reddunt,

175 2762 377 2854 aliquamdiu
400 2791 515 2858 anceps
537 2785 569 2834 et
589 2769 740 2862 ambigua
751 2771 838 2858 optio
856 2767 930 2848 fuit,
954 2765 1108 2854 imprimis
1125 2787 1173 2844 eo,
1189 2762 1279 2853 quod
1297 2763 1352 2825 in-

174 2890 357 2985 telligebam
380 2917 447 2959 non
471 2896 505 2960 id
526 2898 686 2989 agendum
703 2913 740 2962 ut
760 2896 850 2962 vobis
871 2891 1074 2960 enucleatum
1088 2891 1197 2956 darem
1215 2879 1351 2978 aliquid,x
1451 2968 1453 2973 Ι

175 3020 264 3108 quod
286 3019 363 3086 alios
384 3039 457 3088 ante
475 3021 591 3088 frustra
615 3027 813 3106 exercuisset,
837 3024 892 3090 sed
913 3023 1073 3089 utendum
1087 3020 1250 3091 occasione
1273 3039 1351 3096 esse,

175 3163 208 3213 et
224 3151 251 3213 si
272 3151 354 3240 quid
373 3149 425 3215 vel
446 3151 600 3220 obscurae
621 3154 807 3243 suspicionis
823 3152 930 3215 animo
952 3149 1142 3226 inhaereret,
1161 3146 1249 3210 unde
1268 3167 1352 3209 nova

174 3272 304 3340 sortasse
321 3273 379 3340 lux
400 3275 575 3368 aliquando
597 3268 722 3344 Litteris
742 3277 892 3371 affulgere
913 3293 1027 3367 posset,
1045 3276 1107 3340 hoc
1126 3297 1258 3365 quoque
1271 3275 1353 3339 arri-

174 3387 332 3491 piendum
356 3421 393 3468 ut
425 3408 531 3472 vestris
554 3407 678 3472 iudiciis
696 3407 891 3472 submissum
909 3421 966 3470 aut
994 3402 1167 3492 probatum
1184 3402 1275 3466 novis
1299 3424 1353 3464 ar-

175 3530 335 3620 gumentis
351 3530 593 3598 confirmaretur
615 3551 671 3599 aut
691 3549 784 3601 certe.
801 3536 826 3598 si
847 3556 899 3597 me
920 3531 1055 3619 suscepti
1079 3529 1181 3617 operis
1194 3551 1283 3592 amor
1304 3525 1353 3591 se·

174 3651 290 3721 fellerit
305 3672 336 3721 et
358 3659 437 3721 ratio
454 3656 582 3750 fugerit,
594 3662 660 3749 ipss
682 3661 855 3726 deterrerer
866 3658 907 3724 ab
920 3659 1103 3748 quaestione
1113 3677 1220 3744 neque
1232 3655 1353 3718 exitum
1413 3627 1415 3631 Ι

174 3804 235 3848 nec
262 3782 406 3849 fructum
436 3784 595 3851 habitura.
637 3788 815 3876 Expediam
849 3786 959 3875 paucis
985 3783 1066 3875 quid
1084 3780 1191 3848 velim
1239 3781 1353 3844 Mirari

174 3932 267 3999 saepe
287 3910 375 3976 subit
386 3935 456 3976 cur
475 3911 621 4003 plerique
633 3915 689 4003 qui
713 3916 859 4003 antiquas
876 3913 1010 3977 Litteras
1030 3911 1220 4001 attigerunt,
1248 3931 1354 3996 quum

174 4039 209 4102 in
234 4039 356 4104 Latinis
373 4039 579 4127 scriptoribus
598 4058 689 4106 acute
712 4041 857 4106 riderent
877 4055 908 4103 et
930 4039 1057 4127 penitus
1071 4023 1267 4102 'imbiberint
1288 4034 1353 4098 La-

173 4166 234 4230 tini
272 4167 425 4231 sermonis
463 4168 687 4254 proprietatem
723 4184 754 4233 et
797 4166 957 4233 scribendi
995 4163 1214 4255 loquendique
1257 4186 1354 4228 usum

173 4290 276 4380 probe
306 4308 470 4373 tenerent,
491 4308 557 4358 tam
571 4317 661 4384 saepe
682 4294 719 4390 in
734 4294 864 4361 Graecis
878 4308 1019 4374 ruerent,
1042 4307 1080 4356 ut
1102 4313 1186 4382 quae
1207 4307 1279 4355 ante
1295 4315 1353 4380 pe-

174 4418 229 4484 des
253 4435 356 4485 essent
381 4418 510 4486 hebetes
531 4445 567 4486 ac
594 4423 676 4488 caeci
695 4422 971 4510 praetervidersnt.
1016 4419 1141 4500 Quotus
1160 4418 1246 4483 enim
1265 4419 1364 4508 quis-¹

1205 4547 1219 4578 'R
