3060 5302
533 368 693 415 enavrrna
716 367 910 415 occurrant.
1273 355 1310 418 ll

136 559 299 606 sermones
314 535 447 602 caedens
462 537 636 603 inducitur.
661 535 828 628 Augustus
842 538 927 602 curis
942 538 1076 617 anxius,
1094 536 1160 602 huc
1174 534 1252 604 illuc
1268 541 1317 605 in-

138 668 231 758 quies
245 680 396 732 se-versat
416 687 477 730 nec
500 688 651 730 somnum
666 663 766 730 oculis
777 659 889 731 'videre
903 680 1022 753 potest:
1040 640 1211 733 cui'Livia:
1237 667 1318 757 quid

128 812 202 876 cst,
226 795 272 860 mi
286 795 353 872 uir,
376 817 436 858 cur
451 816 519 858 non
540 790 701 882 dormias?
722 793 908 887 respondet:
933 793 1006 882 quis
1028 815 1104 858 vero
1126 795 1236 881 possit,
1247 819 1318 862 mea

140 947 238 1005 uxor,
260 918 313 988 vel
334 919 508 986 minimum
530 923 700 988 connivere
722 923 781 1011 qui
802 937 850 987 tot
873 922 1015 987 inimicos
1037 918 1158 986 habeut
1173 936 1205 985 et
1219 923 1318 988 undi-

139 1075 204 1143 quo
225 1051 347 1117 insidiis
361 1038 498 1137 petatur.
544 1049 666 1115 Graeca
688 1048 787 1115 verba
815 1067 905 1115 sunt:
932 1055 984 1119 καὶ
1010 1052 1056 1128 rlc
1079 1046 1135 1129 dv,
1161 1043 1189 1116 ol
1213 1048 1319 1138 ydrae,

63 1253 69 1264 ,
136 1180 194 1250 κᾶν
212 1186 352 1266 ἒλάχιςον
370 1179 617 1268 ἀπομερμηρίοειε
633 1177 796 1256 τοσούτους
814 1175 951 1266 ἐχθροός
969 1177 1052 1262 ἔχων
1070 1178 1120 1243 καὶ
1143 1176 1190 1242 ee
1212 1181 1319 1264 ἐπιβο-

137 1299 303 1388 λεοόμονος.
332 1321 453 1371 caetera
479 1303 572 1371 facile
601 1305 697 1370 credo
725 1301 876 1393 populari
908 1327 971 1368 usu
1005 1301 1207 1390 comprobari
1229 1306 1320 1394 quod

138 1447 250 1496 nutem·
267 1426 514 1514 ἄπομερμηρίσειε
538 1433 673 1520 posuit,v
686 1455 752 1497 non
770 1433 838 1496 sine
861 1432 974 1519 putida
988 1428 1184 1497 affectatione
1198 1456 1238 1499 ex
1252 1457 1319 1503 uno

137 1557 361 1649 Aristophanis
383 1560 455 1627 loco
476 1578 525 1628 est
545 1561 698 1628 haustum
720 1563 754 1627 in
777 1559 960 1649 Vesperum
982 1561 1134 1641 initio‚in
1158 1584 1228 1650 quo
1248 1560 1319 1629 loco

136 1703 257 1754 veteres
277 1689 464 1777 interpretes
488 1688 685 1756 vocabulum
714 1688 912 1755 rarissimum
940 1688 1109 1780 diligenter
1128 1689 1320 1779 aequalibus

137 1819 403 1906 interpretantur:
426 1841 494 1884 non
515 1817 776 1907 facile,.opinor,
799 1819 889 1904 Livia
911 1816 1188 1885 intellexissetnec
1202 1835 1319 1887 temere

137 1944 305 2038 Augustus
327 1963 510 2034 usurpasset
531 1948 590 2036 qui
611 1969 679 2012 non
701 1950 808 2040 magis·
823 1949 858 2012 in
880 1946 1004 2015 Graeca
1023 1972 1125 2039 quam
1147 1949 1182 2012 in
1205 1947 1320 2013 latina

136 2075 280 2140 oratione
294 2072 527 2141 vocabulomm
550 2074 769 2143 obsoletorum
789 2075 911 2143 ferebat
933 2075 1078 2144 foetores.
1100 2077 1208 2160 Quam
1227 2048 1320 2142 facile

137 2219 278 2270 macter
299 2205 428 2286 eodem,
451 2229 490 2271 ex
512 2205 719 2296 aequalibus,
746 2230 784 2273 ex
813 2206 912 2297 paulo
938 2205 1177 2296 antiquioribus
1203 2228 1320 2271 cumu-
1355 2243 1358 2246 ·

138 2329 205 2397 lara
227 2333 275 2397 rei
297 2348 329 2397 et
350 2333 419 2398 vitii
440 2332 584 2397 eiusdem
605 2330 761 2421 exempla.
785 2333 916 2415 Quoties
937 2333 1019 2398 mihi
1039 2331 1174 2398 illorum
1195 2349 1321 2422 tempo·

68 2460 86 2468 “’
142 2479 216 2523 rum
233 2475 266 2526 et
287 2460 481 2549 scriptorum
501 2459 674 2550 imaginem
695 2426 807 2525 animd
826 2458 946 2550 fingere
968 2475 999 2524 et
1016 2457 1190 2524 informare
1206 2470 1319 2552 aggre-

144 2583 230 2664 dior,
247 2588 337 2653 toties
359 2589 394 2652 in
416 2601 558 2652 mentem
580 2588 690 2653 venire
711 2586 791 2653 solet
812 2587 1007 2674 comparatio
1029 2609 1161 2666 eorum,
1174 2587 1321 2676 quipost

142 2732 264 2783 rannus
277 2715 392 2782 literas
418 2716 532 2782 Latine
554 2714 715 2782 scribendi
740 2712 927 2781 facultatem
948 2731 980 2780 et
1001 2739 1100 2780 usum
1121 2736 1160 2780 ex
1184 2713 1320 2779 Romani

139 2845 258 2936 ingenii
272 2845 498 2910 monumentis
519 2842 674 2935 singulari
695 2842 802 2908 studio
823 2859 855 2908 et
876 2841 1032 2908 indefesso
1046 2841 1158 2908 labore
1171 2839 1320 2933 colligere

137 2989 214 3038 sunt
235 2972 341 3038 conati
362 2987 403 3042 et¹
415 2987 583 3037 conantur.
620 2966 814 3036 Incredibile
836 2968 926 3035 dictu
949 2986 995 3034 est
1017 2972 1179 3060 quamsit
1202 2993 1250 3036 res
1272 2971 1318 3036 rci

137 3097 257 3179 similis.
274 3099 404 3165 ¹Eadem
425 3101 461 3166 in
482 3117 622 3191 utroque
643 3121 758 3191 genere
779 3096 844 3164 lere
866 3101 974 3163 omnia
998 3117 1178 3165 cernuntur
1199 3115 1230 3166 et
1244 3098 1331 3166 vitia‘

137 3244 170 3292 et
190 3229 343 3306 virtutes,
365 3228 426 3292 nisi
449 3228 539 3318 quod
560 3225 685 3293 facilius
707 3243 753 3292 est
775 3226 866 3315 quod
879 3250 938 3292 nos
952 3226 1103 3306 facimus,
1118 3250 1320 3317 quamquam

136 3370 249 3420 contra
270 3356 415 3437 videtur,
438 3379 539 3446 quam
559 3355 650 3444 quod
672 3353 788 3421 Graeci
811 3353 979 3453 faciebant,
996 3359 1168 3446 antiquum
1189 3373 1221 3421 et
1242 3359 1320 3446 quia

138 3484 182 3547 ita
197 3482 302 3549 dicere
315 3482 438 3572 placuit
451 3499 618 3548 mortuum
633 3505 811 3548 sermonem
826 3481 994 3548 scribendo
1010 3482 1189 3549 relerentes.
1219 3483 1319 3553 Sum-

137 3633 192 3675 ma
212 3611 341 3702 ingenia
362 3613 397 3676 in
419 3611 481 3677 hoc
503 3632 636 3700 quoque
659 3631 774 3700 genere
796 3609 1073 3700 exsplenduerunt
1094 3627 1126 3677 ct
1147 3627 1214 3678 tarn
1235 3612 1320 3678 bene

139 3736 341 3804 imbiberunt
361 3738 539 3802 Latinitatis
561 3736 718 3801 interioris
732 3759 879 3818 sensum,
902 3757 940 3804 ut
955 3742 1083 3806 vertisse
1101 3727 1263 3806 naturain
1277 3740 1320 3805 il-

139 3861 209 3930 lam
225 3849 394 3954 antiquam
414 3874 564 3930 naturam
584 3864 682 3951 possit
695 3863 796 3930 videri
802 3913 812 3944 ,
835 3888 940 3954 quum
961 3882 1027 3930 tota
1046 3864 1156 3933 mente
1173 3881 1321 3954 repetunt

78 4072 83 4080 1
140 3989 228 4057 illius
250 3995 357 4059 aetatis
380 3994 547 4084 ingenium
562 4008 781 4083 mentemque,
794 3995 899 4060 nescio
922 3995 1086 4084 quomodo
1105 3995 1241 4059 Romani
1256 3991 1321 4058 fere

95 4092 97 4101 Ι
139 4120 174 4183 in
197 4120 333 4186 dicendo
347 4121 549 4199 exstiterunt,
571 4135 609 4185 ut
630 4137 829 4187 caeterorum
851 4122 990 4212 quisque
1013 4123 1151 4187 maxime
1175 4122 1320 4211 ingenio,

139 4249 307 4327 memoria,
327 4271 422 4313 sensu
444 4245 574 4337 pulchri
593 4246 708 4327 valuit,
721 4235 764 4312 iia
784 4249 928 4336 proxime
946 4248 988 4313 ad
1007 4247 1139 4315 illorum
1156 4265 1319 4337 praestan·

139 4376 218 4439 tiam
234 4377 365 4458 accedit,
387 4374 535 4465 plerique
555 4375 653 4467 longo
675 4374 844 4443 intervallo
866 4376 1109 4467 relinquuntur,
1130 4373 1320 4440 balbutiunt

140 4499 264 4591 aliquid
293 4520 325 4570 et
356 4499 596 4570 conscribillant
622 4503 677 4569 sed
705 4502 787 4569 nihil
809 4503 899 4594 quod
920 4505 1024 4571 vivere
1049 4503 1156 4592 possit.
1204 4501 1319 4568 Aucu-
